1988 3034
757 254 803 290 Ρ.
827 252 1064 289 VIRGILII
1085 252 1324 289 MAnoms

250 371 470 424 Abstulit
493 373 598 422 atra
619 371 733 432 dies,
756 374 807 422 et
828 373 992 422 funere
1013 372 1182 421 mersit
1203 370 1420 421 acerbo.'’

318 441 396 488 Sic
419 441 488 488 ait
509 440 810 499 illacrimans,
833 440 1094 503 recipitque
1117 440 1179 487 ad
1199 439 1366 487 limina
1387 452 1628 503 gressum:

253 506 436 570 Corpus
458 507 542 554 ubi
565 506 771 554 exanimi
792 506 1004 570 positum
1028 505 1260 553 Pallantis
1283 506 1473 554 Acoetes

253 573 482 621 Servabat
505 573 673 631 senior,
697 573 779 636 qui
803 571 1055 619 Parrhasio
1079 571 1303 619 Evandro

252 639 477 702 Armiger
498 641 610 686 ante
632 639 753 696 fuit3
789 638 872 685 sed
893 655 991 686 non
1013 637 1225 685 felicibus
1248 654 1380 700 aeque

254 705 382 752 Tum
405 721 560 752 comes
584 704 803 767 auspiciis
827 721 934 751 caro
958 704 1099 751 datus
1122 703 1224 751 ibat
1247 704 1454 751 alumno.

255 770 447 818 Circum
470 771 623 818 omnis
646 770 971 832 famulumque
995 786 1164 817 manus
1187 769 1483 833 Trojanaque
1504 767 1648 816 turba

253 835 325 883 Et
347 839 570 884 maestum
593 837 766 884 Iliades
791 836 969 884 crinem
993 836 1050 883 de
1073 852 1204 883 more
1227 836 1419 888 solutae.

253 901 329 949 Ut
350 919 462 950 vero
485 902 661 950 AEneas
683 902 862 949 foribus
887 918 986 950 sese
1009 901 1176 949 intulit
1199 901 1324 959 altis,

255 967 515 1031 Ingentem
537 968 774 1032 gemitum
795 968 951 1015 tunsis
976 967 1035 1014 ad
1059 968 1211 1014 sidera
1231 968 1413 1015 tollunt

254 1032 551 1094 Pectoribus,
574 1036 841 1097 maestoque
863 1033 1090 1096 immugit
1112 1033 1244 1096 regia
1263 1033 1412 1081 luctu.

254 1097 368 1162 Ipse
390 1103 534 1163 caput
556 1101 683 1147 nivei
704 1101 883 1147 fultum
906 1099 1138 1146 Pallantis
1161 1102 1211 1146 et
1234 1115 1317 1146 ora

254 1163 330 1212 Ut
351 1165 489 1226 vidit,
507 1166 696 1230 ,levique
718 1168 887 1230 patens
909 1165 961 1212 in
982 1167 1173 1228 pectore
1195 1165 1368 1212 vulnus

255 1230 477 1294 Cuspidis
500 1232 738 1290 Ausoniae,
761 1232 966 1279 lacrimis
988 1232 1060 1278 ita
1081 1231 1210 1278 fatur
1232 1230 1412 1278 obortis
1433 1249 1442 1277 x

255 1299 284 1322 ‘⁶
304 1297 482 1357 Tene,”
507 1298 680 1361 inquit,
705 1301 732 1322 “
750 1297 1013 1345 miserande
1035 1311 1166 1359 puer,
1189 1313 1339 1360 quum
1359 1296 1471 1343 laeta
1493 1293 1688 1354 veniret,

255 1361 443 1411 Invidit
465 1364 658 1411 fortuna
680 1363 814 1422 mihi,
836 1381 896 1411 ne
918 1379 1066 1426 regna
1086 1362 1269 1411 videres

254 1427 452 1489 Nostra,
478 1445 630 1491 neque
653 1430 714 1477 ad
736 1430 867 1477 sedes
890 1430 1045 1477 victor
1066 1429 1288 1476 veherere
1309 1427 1571 1492 paternas?

254 1493 372 1542 Non
394 1495 496 1544 haec
519 1495 744 1543 Evandro
768 1496 826 1543 de
847 1498 899 1543 te
921 1495 1152 1559 promissa
1173 1495 1361 1558 parenti

254 1559 517 1609 Discedens
541 1561 760 1609 dederam
780 1582 791 1610 ;
828 1578 975 1624 quum
998 1578 1074 1609 me
1098 1561 1369 1625 complexus
1392 1561 1586 1608 euntem

256 1626 484 1675 Mitteret
506 1628 558 1675 in
579 1644 810 1692 magnum
831 1627 1098 1691 imperium,
1121 1631 1432 1691 metuensque
1453 1627 1670 1674 moneret

255 1694 404 1741 Acres
427 1710 526 1741 esse
548 1694 690 1752 viros,
714 1711 824 1741 cum
847 1694 964 1741 dura
985 1694 1151 1757 proelia
1172 1695 1330 1757 gente.

255 1757 328 1807 Et
350 1776 477 1807 nunc
499 1759 579 1807 ille
603 1760 797 1821 quidem
820 1776 901 1823 spe
923 1759 1134 1807 multum
1158 1762 1325 1822 captus
1347 1758 1478 1806 inani

256 1824 379 1873 Fors
402 1828 452 1873 et
474 1827 589 1873 vota
610 1825 739 1884 facit,
763 1825 1068 1888 cumulatque
1092 1825 1260 1873 altaria
1281 1825 1416 1872 donis
1437 1842 1448 1883 ;

256 1889 363 1938 Nos
381 1891 606 1954 juvenem
629 1891 914 1950 exanimum,
940 1895 990 1939 et
1014 1891 1081 1937 nil
1096 1891 1197 1954 jam
1223 1890 1494 1938 coelestibus
1517 1887 1627 1938 ullis

256 1956 543 2016 Debentem,
567 1974 688 2004 vano
712 1957 873 2004 maesti
897 1957 1182 2005 comitamur
1203 1957 1397 2005 honore.

257 2020 447 2081 Infelix,
470 2024 574 2070 nati
596 2024 737 2070 funus
762 2023 947 2070 crudele
969 2023 1177 2071 videbis!

257 2087 332 2135 Hi
353 2089 506 2137 nostri
527 2089 723 2148 reditus,
748 2089 1102 2152 exspectatique
1123 2087 1358 2151 triumphi
1378 2087 1402 2137 Ρ

258 2153 382 2202 Haec
395 2171 511 2202 mea
531 2171 707 2219 magna
728 2155 844 2202 fides
865 2154 888 2203 ἓ
956 2156 1027 2201 At
1050 2171 1161 2213 non,
1185 2154 1423 2212 Evandre‚
1445 2151 1676 2218 pudendis

257 2219 545 2286 Vulneribus
568 2222 760 2284 pulsum
784 2220 1006 2284 aspicies:
1030 2237 1117 2268 nec
1142 2219 1317 2282 sospite
1342 2219 1499 2268 dirum

259 2285 460 2349 Optabis
482 2289 598 2334 nato
622 2287 763 2333 funus
786 2290 937 2350 pater.
1007 2286 1107 2333 Hei
1129 2285 1263 2344 mihi,
1289 2289 1523 2348 quantum

259 2349 544 2399 Praesidium
567 2352 793 2410 Ausonia,
817 2355 867 2399 et
891 2354 1125 2414 quantum
1147 2354 1206 2398 tu
1227 2351 1399 2414 perdis,
1424 2351 1531 2400 Iule
1546 2349 1592 2403 l”

324 2418 448 2466 Haee
469 2418 553 2465 ubi
576 2418 780 2475 deflevit,
803 2417 912 2464 tolli
933 2417 1197 2464 miserabile
1221 2432 1389 2479 corpus

259 2482 488 2548 Imperat,
512 2485 562 2532 et
584 2486 691 2531 toto
713 2483 862 2531 lectos
885 2499 943 2530 ex
966 2483 1155 2546 agmine
1177 2482 1336 2529 mittit

259 2549 399 2598 Mille
420 2550 561 2609 viros,
586 2550 668 2612 qui
690 2565 964 2612 supremum
987 2548 1279 2596 comitentur
1300 2547 1544 2609 honorem,

259 2615 589 2679 Intersintque
611 2615 760 2679 patris
782 2615 1016 2662 lacrimis:
1053 2613 1222 2661 solatia
1242 2613 1402 2661 luctus

259 2680 452 2745 Exigua
472 2682 697 2745 ingentis,
720 2681 892 2728 misero
916 2680 998 2728 sed
1021 2680 1183 2727 debita
1203 2678 1346 2743 patri.

260 2746 411 2795 Haud
433 2764 599 2810 segnes
624 2746 703 2793 alii
727 2749 878 2794 crates
901 2748 951 2794 et
973 2745 1115 2793 molle
1138 2745 1364 2793 feretrum

259 2813 488 2860 Arbuteis
511 2815 683 2860 texunt
706 2812 853 2876 virgis
877 2814 926 2859 et
949 2811 1126 2859 vimine
1149 2826 1342 2874 querno,

259 2876 639 2941 Exstructosque
662 2881 793 2925 toros
817 2878 1021 2924 obtentu
1042 2877 1221 2924 frondis
1243 2872 1535 2922 inumbrant.

259 2942 360 2991 Hic
375 2943 602 3008 juvenem
626 2943 802 3007 agresti
825 2943 1076 2991 sublimem
1098 2940 1325 2990 stramine
1347 2941 1563 3005 ponunt3

1771 503 1839 554 30

1775 835 1840 881 35

1778 1165 1845 1210 40

1777 1822 1846 1870 50

1774 2151 1843 2202 55

1776 2483 1842 2531 60

1777 2808 1844 2856 65
