<?xml version="1.0" encoding="UTF-8"?>
<!DOCTYPE html PUBLIC "-//W3C//DTD XHTML 1.0 Transitional//EN"
    "http://www.w3.org/TR/xhtml1/DTD/xhtml1-transitional.dtd">
<html xmlns="http://www.w3.org/1999/xhtml" xml:lang="en" lang="en">
 <head>
  <title>
</title>
<meta http-equiv="Content-Type" content="text/html;charset=utf-8" />
  <meta name='ocr-system' content='tesseract 3.04.00' />
  <meta name='ocr-capabilities' content='ocr_page ocr_carea ocr_par ocr_line ocrx_word'/>
</head>
<body>
  <div class='ocr_page' id='page_1' title='image "./p3workswithengli00virguoft_0084.png"; bbox 0 0 1988 3034; ppageno 0'>
   <div class='ocr_carea' id='block_1_1' title="bbox 671 209 1238 254">
    <p class='ocr_par' dir='ltr' id='par_1_1' title="bbox 671 209 1238 254">
     <span class='ocr_line' id='line_1_1' title="bbox 671 209 1238 254; baseline -0.004 -1"><span class='ocrx_word' id='word_1_1' title='bbox 671 215 718 254; x_wconf 71' lang='grc' dir='ltr'>Ρ.</span> <span class='ocrx_word' id='word_1_2' title='bbox 743 209 978 252; x_wconf 70' lang='lat' dir='ltr'>vmeun</span> <span class='ocrx_word' id='word_1_3' title='bbox 999 211 1238 251; x_wconf 63' lang='lat' dir='ltr'>morus</span> 
     </span>
    </p>
   </div>
   <div class='ocr_carea' id='block_1_2' title="bbox 151 328 1748 2960">
    <p class='ocr_par' dir='ltr' id='par_1_2' title="bbox 160 328 1361 397">
     <span class='ocr_line' id='line_1_2' title="bbox 160 328 1361 397; baseline 0.003 -17"><span class='ocrx_word' id='word_1_4' title='bbox 160 328 451 392; x_wconf 77' lang='lat' dir='ltr'>Crediderat,</span> <span class='ocrx_word' id='word_1_5' title='bbox 476 330 686 397; x_wconf 84' lang='lat' dir='ltr'>coeloque</span> <span class='ocrx_word' id='word_1_6' title='bbox 708 332 922 381; x_wconf 87' lang='lat' dir='ltr'>animum</span> <span class='ocrx_word' id='word_1_7' title='bbox 943 331 1143 382; x_wconf 86' lang='lat' dir='ltr'>fortasse</span> <span class='ocrx_word' id='word_1_8' title='bbox 1164 331 1361 395; x_wconf 83' lang='lat' dir='ltr'>ferebat,</span> 
     </span>
    </p>

    <p class='ocr_par' dir='ltr' id='par_1_3' title="bbox 160 397 1436 462">
     <span class='ocr_line' id='line_1_3' title="bbox 160 397 1436 462; baseline 0.003 -17"><span class='ocrx_word' id='word_1_9' title='bbox 160 397 492 462; x_wconf 82' lang='lat' dir='ltr'>Canitiemque</span> <span class='ocrx_word' id='word_1_10' title='bbox 514 399 605 446; x_wconf 86' lang='lat' dir='ltr'>sibi</span> <span class='ocrx_word' id='word_1_11' title='bbox 626 401 677 447; x_wconf 88' lang='lat' dir='ltr'>et</span> <span class='ocrx_word' id='word_1_12' title='bbox 697 398 868 462; x_wconf 90' lang='lat' dir='ltr'>longos</span> <span class='ocrx_word' id='word_1_13' title='bbox 889 399 1171 462; x_wconf 83' lang='lat' dir='ltr'>promiserat</span> <span class='ocrx_word' id='word_1_14' title='bbox 1192 417 1341 449; x_wconf 87' lang='lat' dir='ltr'>annos</span> <span class='ocrx_word' id='word_1_15' title='bbox 1356 421 1436 461; x_wconf 83' lang='lat'>3-—</span> 
     </span>
    </p>

    <p class='ocr_par' dir='ltr' id='par_1_4' title="bbox 158 462 1748 595">
     <span class='ocr_line' id='line_1_4' title="bbox 159 462 1748 529; baseline 0.005 -19"><span class='ocrx_word' id='word_1_16' title='bbox 159 462 419 525; x_wconf 86' lang='lat' dir='ltr'>Tarquitus</span> <span class='ocrx_word' id='word_1_17' title='bbox 442 464 684 513; x_wconf 83' lang='lat' dir='ltr'>exsultans</span> <span class='ocrx_word' id='word_1_18' title='bbox 708 467 875 512; x_wconf 89' lang='lat' dir='ltr'>contra</span> <span class='ocrx_word' id='word_1_19' title='bbox 895 464 1190 529; x_wconf 72' lang='lat' dir='ltr'><strong>fulgentibus</strong></span> <span class='ocrx_word' id='word_1_20' title='bbox 1212 467 1371 526; x_wconf 84' lang='lat' dir='ltr'>armis,</span> <span class='ocrx_word' id='word_1_21' title='bbox 1648 469 1748 518; x_wconf 92' lang='grc'>550</span> 
     </span>
     <span class='ocr_line' id='line_1_5' title="bbox 158 527 1425 595; baseline 0.005 -20"><span class='ocrx_word' id='word_1_22' title='bbox 158 527 394 577; x_wconf 85' lang='lat' dir='ltr'>Silvicolae</span> <span class='ocrx_word' id='word_1_23' title='bbox 418 529 586 578; x_wconf 88' lang='lat' dir='ltr'>Fauno</span> <span class='ocrx_word' id='word_1_24' title='bbox 610 530 806 594; x_wconf 83' lang='lat' dir='ltr'><strong>Dryope</strong></span> <span class='ocrx_word' id='word_1_25' title='bbox 828 547 970 594; x_wconf 91' lang='lat' dir='ltr'>quem</span> <span class='ocrx_word' id='word_1_26' title='bbox 992 531 1207 595; x_wconf 84' lang='lat' dir='ltr'><strong>nympha</strong></span> <span class='ocrx_word' id='word_1_27' title='bbox 1228 534 1425 594; x_wconf 86' lang='lat' dir='ltr'>crearat,</span> 
     </span>
    </p>

    <p class='ocr_par' dir='ltr' id='par_1_5' title="bbox 159 593 1265 645">
     <span class='ocr_line' id='line_1_6' title="bbox 159 593 1265 645; baseline 0.004 -4"><span class='ocrx_word' id='word_1_28' title='bbox 159 593 341 642; x_wconf 89' lang='lat' dir='ltr'>Obvius</span> <span class='ocrx_word' id='word_1_29' title='bbox 365 595 551 643; x_wconf 86' lang='lat' dir='ltr'>ardenti</span> <span class='ocrx_word' id='word_1_30' title='bbox 573 612 673 643; x_wconf 90' lang='lat' dir='ltr'>sese</span> <span class='ocrx_word' id='word_1_31' title='bbox 696 596 887 644; x_wconf 88' lang='lat' dir='ltr'>obtulit.</span> <span class='ocrx_word' id='word_1_32' title='bbox 957 596 1047 644; x_wconf 91' lang='lat' dir='ltr'>Ille</span> <span class='ocrx_word' id='word_1_33' title='bbox 1068 597 1265 645; x_wconf 88' lang='lat' dir='ltr'>reducta</span> 
     </span>
    </p>

    <p class='ocr_par' dir='ltr' id='par_1_6' title="bbox 159 658 1368 725">
     <span class='ocr_line' id='line_1_7' title="bbox 159 658 1368 725; baseline 0.002 -19"><span class='ocrx_word' id='word_1_34' title='bbox 159 658 380 707; x_wconf 82' lang='lat' dir='ltr'>Loricam</span> <span class='ocrx_word' id='word_1_35' title='bbox 402 661 632 724; x_wconf 83' lang='lat' dir='ltr'>clipeique</span> <span class='ocrx_word' id='word_1_36' title='bbox 654 661 823 725; x_wconf 88' lang='lat' dir='ltr'>ingens</span> <span class='ocrx_word' id='word_1_37' title='bbox 846 678 965 709; x_wconf 92' lang='lat' dir='ltr'>onus</span> <span class='ocrx_word' id='word_1_38' title='bbox 987 662 1189 724; x_wconf 85' lang='lat' dir='ltr'>impedit</span> <span class='ocrx_word' id='word_1_39' title='bbox 1210 662 1368 711; x_wconf 84' lang='lat' dir='ltr'>hasta.</span> 
     </span>
    </p>

    <p class='ocr_par' dir='ltr' id='par_1_7' title="bbox 157 724 1497 792">
     <span class='ocr_line' id='line_1_8' title="bbox 157 724 1497 792; baseline 0.004 -19"><span class='ocrx_word' id='word_1_40' title='bbox 157 724 286 773; x_wconf 85' lang='lat' dir='ltr'>Tum</span> <span class='ocrx_word' id='word_1_41' title='bbox 308 728 452 790; x_wconf 87' lang='lat' dir='ltr'>caput</span> <span class='ocrx_word' id='word_1_42' title='bbox 475 727 655 774; x_wconf 87' lang='lat' dir='ltr'>orantis</span> <span class='ocrx_word' id='word_1_43' title='bbox 678 727 1011 791; x_wconf 85' lang='lat' dir='ltr'>nequidquam,</span> <span class='ocrx_word' id='word_1_44' title='bbox 1035 731 1086 775; x_wconf 87' lang='lat' dir='ltr'>et</span> <span class='ocrx_word' id='word_1_45' title='bbox 1108 727 1263 775; x_wconf 89' lang='lat' dir='ltr'>multa</span> <span class='ocrx_word' id='word_1_46' title='bbox 1283 729 1497 792; x_wconf 85' lang='lat' dir='ltr'>parantis</span> 
     </span>
    </p>

    <p class='ocr_par' dir='ltr' id='par_1_8' title="bbox 157 790 1743 921">
     <span class='ocr_line' id='line_1_9' title="bbox 157 790 1743 857; baseline 0.005 -19"><span class='ocrx_word' id='word_1_47' title='bbox 157 790 342 849; x_wconf 83' lang='lat' dir='ltr'>Dicere,</span> <span class='ocrx_word' id='word_1_48' title='bbox 366 792 591 840; x_wconf 89' lang='lat' dir='ltr'>deturbat</span> <span class='ocrx_word' id='word_1_49' title='bbox 613 795 768 852; x_wconf 87' lang='lat' dir='ltr'>terrae,</span> <span class='ocrx_word' id='word_1_50' title='bbox 791 795 1110 856; x_wconf 85' lang='lat' dir='ltr'>truncumque</span> <span class='ocrx_word' id='word_1_51' title='bbox 1133 796 1379 857; x_wconf 90' lang='lat' dir='ltr'>tepentem</span> <span class='ocrx_word' id='word_1_52' title='bbox 1645 799 1743 846; x_wconf 89' lang='lat'>555</span> 
     </span>
     <span class='ocr_line' id='line_1_10' title="bbox 157 855 1370 921; baseline 0.004 -18"><span class='ocrx_word' id='word_1_53' title='bbox 157 855 463 918; x_wconf 76' lang='lat' dir='ltr'>ProvolvenS,</span> <span class='ocrx_word' id='word_1_54' title='bbox 487 874 627 921; x_wconf 86' lang='lat' dir='ltr'>super</span> <span class='ocrx_word' id='word_1_55' title='bbox 648 859 755 906; x_wconf 86' lang='lat' dir='ltr'>haec</span> <span class='ocrx_word' id='word_1_56' title='bbox 778 859 971 907; x_wconf 89' lang='lat' dir='ltr'>inimico</span> <span class='ocrx_word' id='word_1_57' title='bbox 993 861 1185 921; x_wconf 89' lang='lat' dir='ltr'>pectore</span> <span class='ocrx_word' id='word_1_58' title='bbox 1206 860 1337 907; x_wconf 88' lang='lat' dir='ltr'>fatur</span> <span class='ocrx_word' id='word_1_59' title='bbox 1356 881 1370 909; x_wconf 71' lang='grc' dir='ltr'><strong><em>ε</em></strong></span> 
     </span>
    </p>

    <p class='ocr_par' dir='ltr' id='par_1_9' title="bbox 155 920 1555 1054">
     <span class='ocr_line' id='line_1_11' title="bbox 156 920 1555 988; baseline 0.006 -20"><span class='ocrx_word' id='word_1_60' title='bbox 156 923 185 946; x_wconf 88' lang='grc'><strong>“</strong></span> <span class='ocrx_word' id='word_1_61' title='bbox 204 920 326 970; x_wconf 89' lang='lat' dir='ltr'>Istic</span> <span class='ocrx_word' id='word_1_62' title='bbox 348 939 490 982; x_wconf 92' lang='lat' dir='ltr'>nunc,</span> <span class='ocrx_word' id='word_1_63' title='bbox 512 924 779 983; x_wconf 88' lang='lat' dir='ltr'>metuende,</span> <span class='ocrx_word' id='word_1_64' title='bbox 795 924 915 987; x_wconf 88' lang='lat' dir='ltr'>jace.</span> <span class='ocrx_word' id='word_1_65' title='bbox 983 924 1100 972; x_wconf 88' lang='lat' dir='ltr'>Non</span> <span class='ocrx_word' id='word_1_66' title='bbox 1122 927 1173 972; x_wconf 89' lang='lat' dir='ltr'>te</span> <span class='ocrx_word' id='word_1_67' title='bbox 1196 926 1378 988; x_wconf 90' lang='lat' dir='ltr'>optima</span> <span class='ocrx_word' id='word_1_68' title='bbox 1399 929 1555 976; x_wconf 81' lang='lat' dir='ltr'>mater</span> 
     </span>
     <span class='ocr_line' id='line_1_12' title="bbox 155 986 1498 1054; baseline 0.006 -20"><span class='ocrx_word' id='word_1_69' title='bbox 155 986 345 1035; x_wconf 83' lang='lat' dir='ltr'>Condet</span> <span class='ocrx_word' id='word_1_70' title='bbox 366 989 517 1048; x_wconf 93' lang='lat' dir='ltr'>humi,</span> <span class='ocrx_word' id='word_1_71' title='bbox 540 990 755 1052; x_wconf 86' lang='lat' dir='ltr'>patriove</span> <span class='ocrx_word' id='word_1_72' title='bbox 779 989 995 1037; x_wconf 88' lang='lat' dir='ltr'>onerabit</span> <span class='ocrx_word' id='word_1_73' title='bbox 1017 990 1231 1038; x_wconf 89' lang='lat' dir='ltr'>membra</span> <span class='ocrx_word' id='word_1_74' title='bbox 1253 992 1466 1054; x_wconf 84' lang='lat' dir='ltr'>sepulcro</span> <span class='ocrx_word' id='word_1_75' title='bbox 1487 1014 1498 1042; x_wconf 88' lang='lat'><strong><em>=</em></strong></span> 
     </span>
    </p>

    <p class='ocr_par' dir='ltr' id='par_1_10' title="bbox 154 1052 1329 1119">
     <span class='ocr_line' id='line_1_13' title="bbox 154 1052 1329 1119; baseline 0.003 -19"><span class='ocrx_word' id='word_1_76' title='bbox 154 1052 368 1101; x_wconf 86' lang='lat' dir='ltr'>Alitibus</span> <span class='ocrx_word' id='word_1_77' title='bbox 390 1054 601 1117; x_wconf 88' lang='lat' dir='ltr'>linquere</span> <span class='ocrx_word' id='word_1_78' title='bbox 623 1055 733 1103; x_wconf 89' lang='lat' dir='ltr'>feris</span> <span class='ocrx_word' id='word_1_79' title='bbox 753 1075 764 1114; x_wconf 91' lang='lat'>;</span> <span class='ocrx_word' id='word_1_80' title='bbox 799 1058 884 1103; x_wconf 88' lang='lat' dir='ltr'>aut</span> <span class='ocrx_word' id='word_1_81' title='bbox 905 1056 1098 1119; x_wconf 89' lang='lat' dir='ltr'>gurgite</span> <span class='ocrx_word' id='word_1_82' title='bbox 1120 1073 1329 1104; x_wconf 90' lang='lat' dir='ltr'>mersum</span> 
     </span>
    </p>

    <p class='ocr_par' dir='ltr' id='par_1_11' title="bbox 155 1116 1744 1382">
     <span class='ocr_line' id='line_1_14' title="bbox 155 1116 1744 1184; baseline 0.006 -18"><span class='ocrx_word' id='word_1_83' title='bbox 155 1116 302 1166; x_wconf 85' lang='lat' dir='ltr'>Unda</span> <span class='ocrx_word' id='word_1_84' title='bbox 322 1119 457 1179; x_wconf 86' lang='lat' dir='ltr'>feret,</span> <span class='ocrx_word' id='word_1_85' title='bbox 480 1120 723 1183; x_wconf 86' lang='lat' dir='ltr'>piscesque</span> <span class='ocrx_word' id='word_1_86' title='bbox 745 1121 940 1184; x_wconf 87' lang='lat' dir='ltr'>impasti</span> <span class='ocrx_word' id='word_1_87' title='bbox 961 1122 1157 1169; x_wconf 89' lang='lat' dir='ltr'>vulnera</span> <span class='ocrx_word' id='word_1_88' title='bbox 1177 1122 1442 1171; x_wconf 86' lang='lat' dir='ltr'>lambent.”</span> <span class='ocrx_word' id='word_1_89' title='bbox 1644 1127 1744 1175; x_wconf 88' lang='lat'>560</span> 
     </span>
     <span class='ocr_line' id='line_1_15' title="bbox 156 1181 1520 1251; baseline 0.005 -20"><span class='ocrx_word' id='word_1_90' title='bbox 156 1181 394 1232; x_wconf 88' lang='lat' dir='ltr'>Protenus</span> <span class='ocrx_word' id='word_1_91' title='bbox 416 1186 647 1234; x_wconf 87' lang='lat' dir='ltr'>Antaeum</span> <span class='ocrx_word' id='word_1_92' title='bbox 670 1189 721 1234; x_wconf 89' lang='lat' dir='ltr'>et</span> <span class='ocrx_word' id='word_1_93' title='bbox 743 1186 940 1246; x_wconf 89' lang='lat' dir='ltr'>Lucam,</span> <span class='ocrx_word' id='word_1_94' title='bbox 964 1187 1118 1250; x_wconf 90' lang='lat' dir='ltr'>prima</span> <span class='ocrx_word' id='word_1_95' title='bbox 1139 1189 1332 1251; x_wconf 86' lang='lat' dir='ltr'>agmina</span> <span class='ocrx_word' id='word_1_96' title='bbox 1353 1189 1520 1249; x_wconf 85' lang='lat' dir='ltr'>Turni,</span> 
     </span>
     <span class='ocr_line' id='line_1_16' title="bbox 155 1248 1629 1318; baseline 0.006 -21"><span class='ocrx_word' id='word_1_97' title='bbox 155 1248 478 1312; x_wconf 70' lang='lat' dir='ltr'>Persequitur,</span> <span class='ocrx_word' id='word_1_98' title='bbox 502 1252 767 1316; x_wconf 86' lang='lat' dir='ltr'>fortemque</span> <span class='ocrx_word' id='word_1_99' title='bbox 791 1253 1019 1311; x_wconf 90' lang='lat' dir='ltr'>Numam,</span> <span class='ocrx_word' id='word_1_100' title='bbox 1044 1253 1322 1316; x_wconf 85' lang='lat' dir='ltr'>fulvumque</span> <span class='ocrx_word' id='word_1_101' title='bbox 1344 1255 1629 1318; x_wconf 83' lang='lat' dir='ltr'>Camertem,</span> 
     </span>
     <span class='ocr_line' id='line_1_17' title="bbox 155 1313 1359 1382; baseline 0.004 -20"><span class='ocrx_word' id='word_1_102' title='bbox 155 1313 471 1379; x_wconf 88' lang='lat' dir='ltr'>Magnanimo</span> <span class='ocrx_word' id='word_1_103' title='bbox 495 1317 748 1366; x_wconf 87' lang='lat' dir='ltr'>Volscente</span> <span class='ocrx_word' id='word_1_104' title='bbox 771 1321 945 1377; x_wconf 88' lang='lat' dir='ltr'>satum,</span> <span class='ocrx_word' id='word_1_105' title='bbox 969 1319 1232 1367; x_wconf 89' lang='lat' dir='ltr'>ditissimus</span> <span class='ocrx_word' id='word_1_106' title='bbox 1255 1321 1359 1382; x_wconf 87' lang='lat' dir='ltr'>agri</span> 
     </span>
    </p>

    <p class='ocr_par' dir='ltr' id='par_1_12' title="bbox 155 1380 1462 1450">
     <span class='ocr_line' id='line_1_18' title="bbox 155 1380 1462 1450; baseline 0.007 -23"><span class='ocrx_word' id='word_1_107' title='bbox 155 1380 252 1438; x_wconf 78' lang='lat' dir='ltr'>Qui</span> <span class='ocrx_word' id='word_1_108' title='bbox 273 1381 368 1430; x_wconf 89' lang='lat' dir='ltr'>fuit</span> <span class='ocrx_word' id='word_1_109' title='bbox 390 1383 703 1444; x_wconf 88' lang='lat' dir='ltr'>Ausonidum,</span> <span class='ocrx_word' id='word_1_110' title='bbox 731 1387 780 1432; x_wconf 92' lang='lat' dir='ltr'>et</span> <span class='ocrx_word' id='word_1_111' title='bbox 803 1385 964 1433; x_wconf 89' lang='lat' dir='ltr'>tacitis</span> <span class='ocrx_word' id='word_1_112' title='bbox 987 1386 1206 1448; x_wconf 86' lang='lat' dir='ltr'>regnavit</span> <span class='ocrx_word' id='word_1_113' title='bbox 1229 1387 1462 1450; x_wconf 86' lang='lat' dir='ltr'>Amyclis.</span> 
     </span>
    </p>

    <p class='ocr_par' dir='ltr' id='par_1_13' title="bbox 154 1445 1740 1644">
     <span class='ocr_line' id='line_1_19' title="bbox 154 1445 1740 1511; baseline 0.006 -17"><span class='ocrx_word' id='word_1_114' title='bbox 154 1445 343 1510; x_wconf 86' lang='lat' dir='ltr'>AEgeon</span> <span class='ocrx_word' id='word_1_115' title='bbox 366 1448 530 1511; x_wconf 88' lang='lat' dir='ltr'>qualis,</span> <span class='ocrx_word' id='word_1_116' title='bbox 556 1454 752 1497; x_wconf 85' lang='lat' dir='ltr'>centum</span> <span class='ocrx_word' id='word_1_117' title='bbox 775 1451 852 1498; x_wconf 91' lang='lat' dir='ltr'>cui</span> <span class='ocrx_word' id='word_1_118' title='bbox 873 1451 1066 1498; x_wconf 88' lang='lat' dir='ltr'>brachia</span> <span class='ocrx_word' id='word_1_119' title='bbox 1088 1452 1255 1499; x_wconf 87' lang='lat' dir='ltr'>dicunt</span> <span class='ocrx_word' id='word_1_120' title='bbox 1642 1456 1740 1504; x_wconf 88' lang='grc'>565</span> 
     </span>
     <span class='ocr_line' id='line_1_20' title="bbox 155 1511 1430 1582; baseline 0.005 -23"><span class='ocrx_word' id='word_1_121' title='bbox 155 1511 486 1577; x_wconf 70' lang='lat' dir='ltr'>centenasque</span> <span class='ocrx_word' id='word_1_122' title='bbox 507 1531 691 1574; x_wconf 88' lang='lat' dir='ltr'>manus,</span> <span class='ocrx_word' id='word_1_123' title='bbox 715 1516 1063 1580; x_wconf 68' lang='lat' dir='ltr'>quinquaginta</span> <span class='ocrx_word' id='word_1_124' title='bbox 1085 1517 1243 1565; x_wconf 88' lang='lat' dir='ltr'>oribus</span> <span class='ocrx_word' id='word_1_125' title='bbox 1266 1518 1430 1582; x_wconf 86' lang='lat' dir='ltr'>ignem</span> 
     </span>
     <span class='ocr_line' id='line_1_21' title="bbox 154 1577 1479 1644; baseline 0.005 -19"><span class='ocrx_word' id='word_1_126' title='bbox 154 1577 527 1643; x_wconf 88' lang='lat' dir='ltr'>Pectoribusque</span> <span class='ocrx_word' id='word_1_127' title='bbox 549 1581 730 1641; x_wconf 87' lang='lat' dir='ltr'>arsisse,</span> <span class='ocrx_word' id='word_1_128' title='bbox 756 1581 792 1628; x_wconf 86' lang='lat' dir='ltr'><strong>J</strong></span> <span class='ocrx_word' id='word_1_129' title='bbox 794 1583 894 1630; x_wconf 87' lang='lat' dir='ltr'>ovis</span> <span class='ocrx_word' id='word_1_130' title='bbox 918 1599 1065 1644; x_wconf 89' lang='lat' dir='ltr'>quum</span> <span class='ocrx_word' id='word_1_131' title='bbox 1088 1583 1290 1631; x_wconf 89' lang='lat' dir='ltr'>fulmina</span> <span class='ocrx_word' id='word_1_132' title='bbox 1311 1588 1479 1633; x_wconf 89' lang='lat' dir='ltr'>contra</span> 
     </span>
    </p>

    <p class='ocr_par' dir='ltr' id='par_1_14' title="bbox 154 1642 1487 1712">
     <span class='ocr_line' id='line_1_22' title="bbox 154 1642 1487 1712; baseline 0.008 -21"><span class='ocrx_word' id='word_1_133' title='bbox 154 1642 252 1691; x_wconf 85' lang='lat' dir='ltr'>Tot</span> <span class='ocrx_word' id='word_1_134' title='bbox 275 1645 466 1707; x_wconf 87' lang='lat' dir='ltr'>paribus</span> <span class='ocrx_word' id='word_1_135' title='bbox 490 1648 722 1709; x_wconf 89' lang='lat' dir='ltr'>streperet</span> <span class='ocrx_word' id='word_1_136' title='bbox 745 1647 920 1710; x_wconf 86' lang='lat' dir='ltr'>clipeis,</span> <span class='ocrx_word' id='word_1_137' title='bbox 943 1651 1022 1695; x_wconf 85' lang='lat' dir='ltr'>tot</span> <span class='ocrx_word' id='word_1_138' title='bbox 1044 1649 1302 1712; x_wconf 86' lang='lat' dir='ltr'>stringeret</span> <span class='ocrx_word' id='word_1_139' title='bbox 1323 1666 1456 1700; x_wconf 83' lang='lat' dir='ltr'>enses</span> <span class='ocrx_word' id='word_1_140' title='bbox 1475 1672 1487 1701; x_wconf 74' lang='grc' dir='ltr'><strong><em>ε</em></strong></span> 
     </span>
    </p>

    <p class='ocr_par' dir='ltr' id='par_1_15' title="bbox 154 1708 1260 1776">
     <span class='ocr_line' id='line_1_23' title="bbox 154 1708 1260 1776; baseline 0.006 -20"><span class='ocrx_word' id='word_1_141' title='bbox 154 1708 233 1756; x_wconf 89' lang='lat' dir='ltr'>Sic</span> <span class='ocrx_word' id='word_1_142' title='bbox 254 1711 363 1758; x_wconf 91' lang='lat' dir='ltr'>toto</span> <span class='ocrx_word' id='word_1_143' title='bbox 386 1711 562 1759; x_wconf 86' lang='lat' dir='ltr'>AEneas</span> <span class='ocrx_word' id='word_1_144' title='bbox 585 1712 782 1760; x_wconf 88' lang='lat' dir='ltr'>desaevit</span> <span class='ocrx_word' id='word_1_145' title='bbox 804 1714 855 1760; x_wconf 91' lang='lat' dir='ltr'>in</span> <span class='ocrx_word' id='word_1_146' title='bbox 881 1730 1068 1776; x_wconf 90' lang='lat' dir='ltr'>aequore</span> <span class='ocrx_word' id='word_1_147' title='bbox 1090 1715 1260 1774; x_wconf 89' lang='lat' dir='ltr'>victor,</span> 
     </span>
    </p>

    <p class='ocr_par' dir='ltr' id='par_1_16' title="bbox 153 1774 1743 1908">
     <span class='ocr_line' id='line_1_24' title="bbox 154 1774 1743 1844; baseline 0.007 -22"><span class='ocrx_word' id='word_1_148' title='bbox 154 1774 229 1822; x_wconf 87' lang='lat' dir='ltr'>Ut</span> <span class='ocrx_word' id='word_1_149' title='bbox 251 1776 397 1824; x_wconf 89' lang='lat' dir='ltr'>semel</span> <span class='ocrx_word' id='word_1_150' title='bbox 418 1777 627 1840; x_wconf 85' lang='lat' dir='ltr'>intepuit</span> <span class='ocrx_word' id='word_1_151' title='bbox 649 1795 828 1826; x_wconf 89' lang='lat' dir='ltr'>mucro.</span> <span class='ocrx_word' id='word_1_152' title='bbox 898 1779 1025 1837; x_wconf 83' lang='lat' dir='ltr'>Quin</span> <span class='ocrx_word' id='word_1_153' title='bbox 1048 1796 1152 1828; x_wconf 88' lang='lat' dir='ltr'>ecce</span> <span class='ocrx_word' id='word_1_154' title='bbox 1175 1781 1226 1827; x_wconf 91' lang='lat' dir='ltr'>N</span> <span class='ocrx_word' id='word_1_155' title='bbox 1228 1781 1372 1844; x_wconf 81' lang='lat' dir='ltr'>iphaei</span> <span class='ocrx_word' id='word_1_156' title='bbox 1642 1787 1743 1834; x_wconf 89' lang='grc'>570</span> 
     </span>
     <span class='ocr_line' id='line_1_25' title="bbox 153 1841 1439 1908; baseline 0.008 -21"><span class='ocrx_word' id='word_1_157' title='bbox 153 1841 468 1905; x_wconf 78' lang='lat' dir='ltr'>Quadrijuges</span> <span class='ocrx_word' id='word_1_158' title='bbox 490 1843 542 1890; x_wconf 93' lang='lat' dir='ltr'>in</span> <span class='ocrx_word' id='word_1_159' title='bbox 564 1859 708 1906; x_wconf 91' lang='lat' dir='ltr'>equos</span> <span class='ocrx_word' id='word_1_160' title='bbox 731 1845 1017 1906; x_wconf 85' lang='lat' dir='ltr'>adversaque</span> <span class='ocrx_word' id='word_1_161' title='bbox 1039 1849 1232 1908; x_wconf 89' lang='lat' dir='ltr'>pectora</span> <span class='ocrx_word' id='word_1_162' title='bbox 1251 1847 1439 1897; x_wconf 88' lang='lat' dir='ltr'>tendit:</span> 
     </span>
    </p>

    <p class='ocr_par' dir='ltr' id='par_1_17' title="bbox 152 1907 1393 1972">
     <span class='ocr_line' id='line_1_26' title="bbox 152 1907 1393 1972; baseline 0.007 -20"><span class='ocrx_word' id='word_1_163' title='bbox 152 1907 316 1968; x_wconf 88' lang='lat' dir='ltr'>Atque</span> <span class='ocrx_word' id='word_1_164' title='bbox 336 1907 409 1954; x_wconf 90' lang='lat' dir='ltr'>illi</span> <span class='ocrx_word' id='word_1_165' title='bbox 429 1908 571 1971; x_wconf 89' lang='lat' dir='ltr'>longe</span> <span class='ocrx_word' id='word_1_166' title='bbox 594 1909 891 1972; x_wconf 87' lang='lat' dir='ltr'>gradientem</span> <span class='ocrx_word' id='word_1_167' title='bbox 914 1914 964 1957; x_wconf 87' lang='lat' dir='ltr'>et</span> <span class='ocrx_word' id='word_1_168' title='bbox 987 1911 1088 1958; x_wconf 86' lang='lat' dir='ltr'>dira</span> <span class='ocrx_word' id='word_1_169' title='bbox 1109 1911 1393 1961; x_wconf 82' lang='lat' dir='ltr'>frementem</span> 
     </span>
    </p>

    <p class='ocr_par' dir='ltr' id='par_1_18' title="bbox 153 1971 1182 2038">
     <span class='ocr_line' id='line_1_27' title="bbox 153 1971 1182 2038; baseline 0.006 -20"><span class='ocrx_word' id='word_1_170' title='bbox 153 1971 228 2019; x_wconf 85' lang='lat' dir='ltr'>Ut</span> <span class='ocrx_word' id='word_1_171' title='bbox 249 1973 420 2032; x_wconf 87' lang='lat' dir='ltr'>videre,</span> <span class='ocrx_word' id='word_1_172' title='bbox 445 1978 581 2022; x_wconf 90' lang='lat' dir='ltr'>metu</span> <span class='ocrx_word' id='word_1_173' title='bbox 603 1976 727 2023; x_wconf 86' lang='lat' dir='ltr'>versi</span> <span class='ocrx_word' id='word_1_174' title='bbox 747 1979 968 2038; x_wconf 88' lang='lat' dir='ltr'>retroque</span> <span class='ocrx_word' id='word_1_175' title='bbox 990 1979 1182 2024; x_wconf 88' lang='lat' dir='ltr'>ruentes</span> 
     </span>
    </p>

    <p class='ocr_par' dir='ltr' id='par_1_19' title="bbox 152 2037 1472 2105">
     <span class='ocr_line' id='line_1_28' title="bbox 152 2037 1472 2105; baseline 0.007 -21"><span class='ocrx_word' id='word_1_176' title='bbox 152 2037 518 2102; x_wconf 84' lang='lat' dir='ltr'>Effunduntque</span> <span class='ocrx_word' id='word_1_177' title='bbox 540 2040 723 2099; x_wconf 90' lang='lat' dir='ltr'>ducem,</span> <span class='ocrx_word' id='word_1_178' title='bbox 745 2042 1030 2105; x_wconf 89' lang='lat' dir='ltr'>rapiuntque</span> <span class='ocrx_word' id='word_1_179' title='bbox 1048 2043 1108 2089; x_wconf 92' lang='lat' dir='ltr'>ad</span> <span class='ocrx_word' id='word_1_180' title='bbox 1129 2043 1272 2091; x_wconf 89' lang='lat' dir='ltr'>litora</span> <span class='ocrx_word' id='word_1_181' title='bbox 1293 2061 1472 2095; x_wconf 83' lang='lat' dir='ltr'>currus.</span> 
     </span>
    </p>

    <p class='ocr_par' dir='ltr' id='par_1_20' title="bbox 152 2102 1739 2236">
     <span class='ocr_line' id='line_1_29' title="bbox 153 2102 1739 2171; baseline 0.007 -21"><span class='ocrx_word' id='word_1_182' title='bbox 153 2102 347 2152; x_wconf 89' lang='lat' dir='ltr'>Interea</span> <span class='ocrx_word' id='word_1_183' title='bbox 367 2104 542 2168; x_wconf 88' lang='lat' dir='ltr'>bijugis</span> <span class='ocrx_word' id='word_1_184' title='bbox 564 2105 710 2154; x_wconf 88' lang='lat' dir='ltr'>infert</span> <span class='ocrx_word' id='word_1_185' title='bbox 733 2123 782 2154; x_wconf 86' lang='lat' dir='ltr'>se</span> <span class='ocrx_word' id='word_1_186' title='bbox 804 2107 1027 2171; x_wconf 87' lang='lat' dir='ltr'>Lucagus</span> <span class='ocrx_word' id='word_1_187' title='bbox 1050 2108 1167 2156; x_wconf 87' lang='lat' dir='ltr'>albis</span> <span class='ocrx_word' id='word_1_188' title='bbox 1641 2114 1739 2161; x_wconf 88' lang='lat'>575</span> 
     </span>
     <span class='ocr_line' id='line_1_30' title="bbox 152 2168 1395 2236; baseline 0.006 -20"><span class='ocrx_word' id='word_1_189' title='bbox 152 2168 216 2216; x_wconf 93' lang='lat' dir='ltr'>In</span> <span class='ocrx_word' id='word_1_190' title='bbox 238 2169 433 2229; x_wconf 88' lang='lat' dir='ltr'>medios,</span> <span class='ocrx_word' id='word_1_191' title='bbox 456 2172 694 2235; x_wconf 84' lang='lat' dir='ltr'>fraterque</span> <span class='ocrx_word' id='word_1_192' title='bbox 718 2172 891 2236; x_wconf 83' lang='lat' dir='ltr'>Liger3</span> <span class='ocrx_word' id='word_1_193' title='bbox 926 2174 1009 2220; x_wconf 89' lang='lat' dir='ltr'>sed</span> <span class='ocrx_word' id='word_1_194' title='bbox 1030 2174 1177 2222; x_wconf 83' lang='lat' dir='ltr'>frater</span> <span class='ocrx_word' id='word_1_195' title='bbox 1198 2174 1395 2224; x_wconf 86' lang='lat' dir='ltr'>habenis</span> 
     </span>
    </p>

    <p class='ocr_par' dir='ltr' id='par_1_21' title="bbox 152 2233 1482 2303">
     <span class='ocr_line' id='line_1_31' title="bbox 152 2233 1482 2303; baseline 0.008 -22"><span class='ocrx_word' id='word_1_196' title='bbox 152 2233 334 2282; x_wconf 84' lang='lat' dir='ltr'>Flectit</span> <span class='ocrx_word' id='word_1_197' title='bbox 356 2252 515 2298; x_wconf 87' lang='lat' dir='ltr'>equos,</span> <span class='ocrx_word' id='word_1_198' title='bbox 538 2238 762 2285; x_wconf 88' lang='lat' dir='ltr'>strictum</span> <span class='ocrx_word' id='word_1_199' title='bbox 782 2241 914 2286; x_wconf 87' lang='lat' dir='ltr'>rotat</span> <span class='ocrx_word' id='word_1_200' title='bbox 936 2256 1042 2287; x_wconf 90' lang='lat' dir='ltr'>acer</span> <span class='ocrx_word' id='word_1_201' title='bbox 1064 2240 1286 2303; x_wconf 89' lang='lat' dir='ltr'>Lucagus</span> <span class='ocrx_word' id='word_1_202' title='bbox 1309 2258 1482 2292; x_wconf 87' lang='lat' dir='ltr'>ensem.</span> 
     </span>
    </p>

    <p class='ocr_par' dir='ltr' id='par_1_22' title="bbox 152 2299 1269 2355">
     <span class='ocr_line' id='line_1_32' title="bbox 152 2299 1269 2355; baseline 0.008 -9"><span class='ocrx_word' id='word_1_203' title='bbox 152 2299 304 2348; x_wconf 90' lang='lat' dir='ltr'>Haud</span> <span class='ocrx_word' id='word_1_204' title='bbox 324 2301 443 2348; x_wconf 86' lang='lat' dir='ltr'>tulit</span> <span class='ocrx_word' id='word_1_205' title='bbox 465 2301 640 2349; x_wconf 87' lang='lat' dir='ltr'>AEneas</span> <span class='ocrx_word' id='word_1_206' title='bbox 663 2306 804 2350; x_wconf 88' lang='lat' dir='ltr'>tanto</span> <span class='ocrx_word' id='word_1_207' title='bbox 827 2305 1007 2352; x_wconf 87' lang='lat' dir='ltr'>fervore</span> <span class='ocrx_word' id='word_1_208' title='bbox 1029 2305 1269 2355; x_wconf 88' lang='lat' dir='ltr'>furentes:</span> 
     </span>
    </p>

    <p class='ocr_par' dir='ltr' id='par_1_23' title="bbox 152 2364 1240 2433">
     <span class='ocr_line' id='line_1_33' title="bbox 152 2364 1240 2433; baseline 0.006 -21"><span class='ocrx_word' id='word_1_209' title='bbox 152 2364 320 2424; x_wconf 88' lang='lat' dir='ltr'>Irruit,</span> <span class='ocrx_word' id='word_1_210' title='bbox 345 2366 631 2430; x_wconf 86' lang='lat' dir='ltr'>adversaque</span> <span class='ocrx_word' id='word_1_211' title='bbox 651 2368 822 2431; x_wconf 90' lang='lat' dir='ltr'>ingens</span> <span class='ocrx_word' id='word_1_212' title='bbox 845 2369 1064 2433; x_wconf 79' lang='lat' dir='ltr'>apparuit</span> <span class='ocrx_word' id='word_1_213' title='bbox 1086 2370 1240 2418; x_wconf 83' lang='lat' dir='ltr'>hasta.</span> 
     </span>
    </p>

    <p class='ocr_par' dir='ltr' id='par_1_24' title="bbox 152 2430 1738 2564">
     <span class='ocr_line' id='line_1_34' title="bbox 152 2430 1738 2496; baseline 0.007 -19"><span class='ocrx_word' id='word_1_214' title='bbox 152 2430 245 2478; x_wconf 80' lang='lat' dir='ltr'>Cui</span> <span class='ocrx_word' id='word_1_215' title='bbox 267 2431 414 2496; x_wconf 89' lang='lat' dir='ltr'>Liger</span> <span class='ocrx_word' id='word_1_216' title='bbox 433 2454 444 2481; x_wconf 73' lang='grc' dir='ltr'>ε</span> <span class='ocrx_word' id='word_1_217' title='bbox 1638 2441 1738 2489; x_wconf 86' lang='grc'><strong>580</strong></span> 
     </span>
     <span class='ocr_line' id='line_1_35' title="bbox 153 2497 1454 2564; baseline 0.005 -20"><span class='ocrx_word' id='word_1_218' title='bbox 153 2497 315 2545; x_wconf 90' lang='lat' dir='ltr'>“Non</span> <span class='ocrx_word' id='word_1_219' title='bbox 338 2498 586 2547; x_wconf 89' lang='lat' dir='ltr'>Diomedis</span> <span class='ocrx_word' id='word_1_220' title='bbox 609 2516 766 2562; x_wconf 92' lang='lat' dir='ltr'>equos,</span> <span class='ocrx_word' id='word_1_221' title='bbox 789 2516 876 2548; x_wconf 92' lang='lat' dir='ltr'>nec</span> <span class='ocrx_word' id='word_1_222' title='bbox 899 2516 1063 2548; x_wconf 86' lang='lat' dir='ltr'>currus</span> <span class='ocrx_word' id='word_1_223' title='bbox 1087 2501 1239 2550; x_wconf 89' lang='lat' dir='ltr'>cernis</span> <span class='ocrx_word' id='word_1_224' title='bbox 1262 2501 1454 2564; x_wconf 90' lang='lat' dir='ltr'>Achilli,</span> 
     </span>
    </p>

    <p class='ocr_par' dir='ltr' id='par_1_25' title="bbox 151 2563 1362 2629">
     <span class='ocr_line' id='line_1_36' title="bbox 151 2563 1362 2629; baseline 0.006 -20"><span class='ocrx_word' id='word_1_225' title='bbox 151 2563 257 2610; x_wconf 91' lang='lat' dir='ltr'>Aut</span> <span class='ocrx_word' id='word_1_226' title='bbox 280 2563 507 2627; x_wconf 84' lang='lat' dir='ltr'>Phrygiae</span> <span class='ocrx_word' id='word_1_227' title='bbox 530 2581 720 2629; x_wconf 89' lang='lat' dir='ltr'>campos</span> <span class='ocrx_word' id='word_1_228' title='bbox 741 2587 751 2614; x_wconf 68' lang='grc' dir='ltr'>ι</span> <span class='ocrx_word' id='word_1_229' title='bbox 785 2583 913 2614; x_wconf 91' lang='lat' dir='ltr'>nunc</span> <span class='ocrx_word' id='word_1_230' title='bbox 934 2567 1048 2614; x_wconf 89' lang='lat' dir='ltr'>belli</span> <span class='ocrx_word' id='word_1_231' title='bbox 1071 2567 1179 2615; x_wconf 89' lang='lat' dir='ltr'>finis</span> <span class='ocrx_word' id='word_1_232' title='bbox 1202 2570 1252 2615; x_wconf 90' lang='lat' dir='ltr'>et</span> <span class='ocrx_word' id='word_1_233' title='bbox 1275 2569 1362 2616; x_wconf 85' lang='lat' dir='ltr'>aevi</span> 
     </span>
    </p>

    <p class='ocr_par' dir='ltr' id='par_1_26' title="bbox 152 2627 1189 2681">
     <span class='ocr_line' id='line_1_37' title="bbox 152 2627 1189 2681; baseline 0.007 -7"><span class='ocrx_word' id='word_1_234' title='bbox 152 2627 249 2675; x_wconf 90' lang='lat' dir='ltr'>His</span> <span class='ocrx_word' id='word_1_235' title='bbox 273 2628 465 2677; x_wconf 87' lang='lat' dir='ltr'>dabitur</span> <span class='ocrx_word' id='word_1_236' title='bbox 486 2631 676 2678; x_wconf 90' lang='lat' dir='ltr'>terris.&#39;&#39;</span> <span class='ocrx_word' id='word_1_237' title='bbox 746 2632 933 2680; x_wconf 91' lang='lat' dir='ltr'>Vesano</span> <span class='ocrx_word' id='word_1_238' title='bbox 954 2633 1072 2680; x_wconf 87' lang='lat' dir='ltr'>talia</span> <span class='ocrx_word' id='word_1_239' title='bbox 1091 2633 1189 2681; x_wconf 88' lang='lat' dir='ltr'>late</span> 
     </span>
    </p>

    <p class='ocr_par' dir='ltr' id='par_1_27' title="bbox 153 2692 1372 2760">
     <span class='ocr_line' id='line_1_38' title="bbox 153 2692 1372 2760; baseline 0.007 -20"><span class='ocrx_word' id='word_1_240' title='bbox 153 2692 302 2741; x_wconf 88' lang='lat' dir='ltr'>Dicta</span> <span class='ocrx_word' id='word_1_241' title='bbox 322 2695 487 2742; x_wconf 86' lang='lat' dir='ltr'>volant</span> <span class='ocrx_word' id='word_1_242' title='bbox 509 2696 674 2760; x_wconf 88' lang='lat' dir='ltr'>Ligeri</span> <span class='ocrx_word' id='word_1_243' title='bbox 693 2717 704 2745; x_wconf 90' lang='lat'><strong>:</strong></span> <span class='ocrx_word' id='word_1_244' title='bbox 739 2698 823 2745; x_wconf 91' lang='lat' dir='ltr'>sed</span> <span class='ocrx_word' id='word_1_245' title='bbox 843 2714 942 2746; x_wconf 91' lang='lat' dir='ltr'>non</span> <span class='ocrx_word' id='word_1_246' title='bbox 964 2701 1015 2746; x_wconf 89' lang='lat' dir='ltr'>et</span> <span class='ocrx_word' id='word_1_247' title='bbox 1037 2699 1211 2747; x_wconf 75' lang='lat' dir='ltr'>Troius</span> <span class='ocrx_word' id='word_1_248' title='bbox 1232 2699 1372 2749; x_wconf 85' lang='lat' dir='ltr'>heros</span> 
     </span>
    </p>

    <p class='ocr_par' dir='ltr' id='par_1_28' title="bbox 153 2758 1735 2891">
     <span class='ocr_line' id='line_1_39' title="bbox 153 2758 1735 2828; baseline 0.008 -22"><span class='ocrx_word' id='word_1_249' title='bbox 153 2758 302 2807; x_wconf 89' lang='lat' dir='ltr'>Dicta</span> <span class='ocrx_word' id='word_1_250' title='bbox 321 2763 460 2823; x_wconf 88' lang='lat' dir='ltr'>parat</span> <span class='ocrx_word' id='word_1_251' title='bbox 482 2767 675 2823; x_wconf 81' lang='lat' dir='ltr'>contra3</span> <span class='ocrx_word' id='word_1_252' title='bbox 702 2763 918 2827; x_wconf 87' lang='lat' dir='ltr'>jaculum</span> <span class='ocrx_word' id='word_1_253' title='bbox 939 2780 1052 2811; x_wconf 86' lang='lat' dir='ltr'>nam</span> <span class='ocrx_word' id='word_1_254' title='bbox 1074 2768 1268 2828; x_wconf 81' lang='lat' dir='ltr'>torquet</span> <span class='ocrx_word' id='word_1_255' title='bbox 1290 2766 1341 2813; x_wconf 91' lang='lat' dir='ltr'>in</span> <span class='ocrx_word' id='word_1_256' title='bbox 1363 2766 1554 2816; x_wconf 89' lang='lat' dir='ltr'>hostem</span> <span class='ocrx_word' id='word_1_257' title='bbox 1636 2770 1735 2818; x_wconf 83' lang='lat'>585</span> 
     </span>
     <span class='ocr_line' id='line_1_40' title="bbox 153 2823 1293 2891; baseline 0.006 -20"><span class='ocrx_word' id='word_1_258' title='bbox 153 2823 376 2887; x_wconf 88' lang='lat' dir='ltr'>Lucagus</span> <span class='ocrx_word' id='word_1_259' title='bbox 398 2829 456 2873; x_wconf 85' lang='lat' dir='ltr'>ut</span> <span class='ocrx_word' id='word_1_260' title='bbox 477 2843 653 2888; x_wconf 88' lang='lat' dir='ltr'>pronus</span> <span class='ocrx_word' id='word_1_261' title='bbox 676 2829 886 2891; x_wconf 86' lang='lat' dir='ltr'>pendens</span> <span class='ocrx_word' id='word_1_262' title='bbox 907 2829 960 2876; x_wconf 92' lang='lat' dir='ltr'>in</span> <span class='ocrx_word' id='word_1_263' title='bbox 980 2830 1175 2878; x_wconf 82' lang='lat' dir='ltr'>verbera</span> <span class='ocrx_word' id='word_1_264' title='bbox 1195 2831 1293 2878; x_wconf 89' lang='lat' dir='ltr'>telo</span> 
     </span>
    </p>

    <p class='ocr_par' dir='ltr' id='par_1_29' title="bbox 152 2888 1319 2960">
     <span class='ocr_line' id='line_1_41' title="bbox 152 2888 1319 2960; baseline 0.008 -22"><span class='ocrx_word' id='word_1_265' title='bbox 152 2888 420 2939; x_wconf 89' lang='lat' dir='ltr'>Admonuit</span> <span class='ocrx_word' id='word_1_266' title='bbox 441 2891 657 2956; x_wconf 83' lang='lat' dir='ltr'>bijugos3</span> <span class='ocrx_word' id='word_1_267' title='bbox 690 2894 901 2958; x_wconf 83' lang='lat' dir='ltr'>projecto</span> <span class='ocrx_word' id='word_1_268' title='bbox 924 2894 1040 2943; x_wconf 90' lang='lat' dir='ltr'>dum</span> <span class='ocrx_word' id='word_1_269' title='bbox 1060 2896 1178 2960; x_wconf 87' lang='lat' dir='ltr'>pede</span> <span class='ocrx_word' id='word_1_270' title='bbox 1198 2896 1319 2947; x_wconf 79' lang='lat' dir='ltr'>loevo</span> 
     </span>
    </p>
   </div>
  </div>
 </body>
</html>
