1988 3034
706 171 752 206 1³.
774 165 1011 206 menan
1041 165 1282 206 moins

196 288 270 339 Et
291 286 518 338 comitem
539 285 728 336 AEnean
741 286 886 351 juxta
905 286 1169 351 natumque
1189 287 1386 338 tenebat

195 354 494 419 Ingrediens,
516 354 739 417 varioque
760 352 890 401 viam
912 368 1126 401 sermone
1147 352 1353 402 levabat.

195 419 423 481 Miratur,
445 418 697 483 facilesque
719 417 880 467 oculos
902 419 997 466 sert
1019 419 1179 467 omnia
1200 419 1377 468 circum
1679 418 1781 468 310

196 486 391 545 AEneas,
414 485 692 549 capiturque
714 484 859 543 locis3
893 486 944 532 et
967 484 1156 548 singula
1176 484 1319 533 laetus

195 551 515 615 Exquiritque
538 551 764 614 auditque
785 551 943 598 virum
965 553 1276 599 monumenta
1297 549 1524 614 priorum.

195 618 323 666 Tum
344 634 427 666 rex
449 617 717 676 Evandrus,
740 616 976 664 Romanae
999 616 1217 664 conditor
1239 617 1386 664 arcis:

196 686 223 709 “
238 684 364 731 Haec
386 699 580 732 nemora
600 682 840 746 indigenae
865 680 1022 730 Fauni
1039 682 1376 745 Nymphaeque
1398 680 1640 739 tenebant,

195 748 418 812 Gensque
439 749 599 796 virum
618 747 802 796 truncis
825 750 876 796 et
899 748 1017 795 duro
1039 748 1206 796 robore
1227 751 1369 798 nata:
1682 748 1777 796 315

194 815 339 874 Queis
361 830 514 879 neque
531 830 634 862 mos
650 830 803 876 neque
825 813 980 862 cultus
1001 816 1130 873 erat3
1163 830 1250 862 nec
1265 814 1468 878 jungere
1489 815 1666 874 tauros,

194 882 299 929 Aut
322 897 601 945 componere
625 896 735 943 opes
757 881 946 939 norant,
970 881 1055 927 aut
1077 896 1265 942 parcere
1287 883 1452 943 parto:

193 946 289 995 Sed
309 947 431 995 rami
453 949 596 1010 atque
621 961 755 1009 asper
776 946 911 994 victu
934 947 1135 993 venatus
1158 945 1331 995 alebat.

195 1012 387 1061 Primus
410 1013 469 1060 ab
492 1012 686 1060 aetherio
708 1011 843 1059 venit
866 1010 1099 1058 Saturnus
1123 1011 1347 1075 Olympo,

194 1078 345 1127 Arma
366 1077 403 1126 J
405 1078 505 1126 ovis
527 1077 714 1141 fugiens
737 1079 787 1125 et
808 1077 967 1140 regnis
990 1077 1123 1125 exsul
1144 1077 1361 1126 ademtis,
1681 1077 1780 1125 320

196 1143 247 1191 Is
269 1160 421 1208 genus
443 1143 645 1191 indocile
667 1159 721 1191 ac
744 1143 1008 1207 dispersum
1030 1142 1274 1191 montibus
1297 1143 1408 1191 altis

196 1209 492 1273 Composuit,
514 1209 735 1273 legesque
757 1209 904 1268 dedit,
927 1207 1216 1272 Latiumque
1238 1208 1397 1257 vocari

195 1275 389 1335 Maluit,
412 1275 488 1322 his
512 1274 735 1338 quoniam
756 1273 977 1323 latuisset
998 1276 1137 1323 tutus
1159 1275 1212 1322 in
1234 1275 1343 1324 oris.

195 1341 355 1389 Aurea
377 1347 484 1405 q'uae
506 1341 772 1404 perhibent,
794 1339 877 1389 illo
900 1341 989 1388 sub
1010 1357 1122 1404 rege
1143 1341 1339 1389 fuerunt

194 1406 401 1455 Saecula:
436 1406 503 1454 sic
526 1406 710 1470 placida
730 1406 928 1470 populos
950 1406 1003 1453 in
1024 1422 1138 1470 pace
1159 1407 1385 1471 regebat;
1679 1405 1777 1453 325

194 1471 419 1520 Deterior
442 1473 590 1520 donec
612 1472 845 1535 paulatim
868 1487 922 1520 ac
946 1471 1134 1520 decolor
1156 1475 1272 1520 aetas
1504 1499 1510 1502 ·

195 1538 267 1586 Et
287 1536 403 1587 belli
423 1538 576 1586 rabies
598 1540 649 1586 et
671 1555 804 1586 amor
826 1537 1054 1586 successit
1075 1537 1299 1586 habendi.

195 1603 324 1652 Tum
345 1619 514 1652 manus
536 1603 750 1651 Ausonia
772 1605 822 1651 et
844 1605 1012 1667 gentes
1033 1619 1204 1652 venere
1226 1603 1404 1653 Sicanae
1422 1624 1432 1662 3

195 1668 378 1734 Saepius
401 1671 452 1718 et
472 1685 648 1718 nomen
669 1668 831 1732 posuit
854 1667 1077 1716 Saturnia
1097 1668 1255 1718 tellus,

195 1734 324 1784 Tum
344 1750 494 1799 regeS,
518 1750 744 1800 asperque
765 1734 965 1782 immani
987 1751 1178 1798 corpore
1201 1733 1425 1798 Thybris,
1680 1736 1781 1785 330

193 1802 243 1850 A
264 1817 360 1865 quo
380 1803 492 1865 post
515 1800 632 1850 Itali
653 1800 854 1848 fluvium
876 1801 1157 1864 cognomine
1179 1799 1416 1864 Thybrim

194 1865 446 1927 Diximus3
480 1865 642 1915 amisit
663 1882 831 1915 verum
851 1867 991 1914 vetus
1012 1864 1190 1914 Albula
1209 1881 1399 1915 nomen.

194 1933 283 1981 Me
303 1931 495 1996 pulsum
515 1931 685 1996 patria,
706 1931 956 1996 pelagique
978 1933 1191 1980 extrema
1212 1932 1502 1996 sequentem,

196 1999 416 2047 Fortuna
437 1998 738 2062 omnipotens
762 1999 812 2046 et
834 1995 1136 2046 ineluctabile
1156 1997 1314 2045 fatum

195 2063 292 2112 His
313 2078 510 2128 posuere
530 2063 674 2123 locis3
708 2062 968 2128 matrisque
990 2079 1128 2128 egere
1148 2062 1399 2112 tremenda
1681 2063 1780 2112 335

196 2129 465 2179 Carmentis
486 2129 711 2194 nymphae
733 2130 933 2189 monita,
956 2130 1007 2178 et
1029 2129 1145 2179 deus
1167 2130 1335 2178 auctor
1356 2126 1545 2194 Apollo.

194 2196 291 2244 Vix
312 2213 368 2244 ea
388 2196 544 2255 dicta3
578 2195 750 2244 dehinc
770 2211 1046 2261 progressus
1067 2197 1308 2245 monstrat
1331 2197 1381 2244 et
1404 2211 1549 2258 aram,

196 2261 267 2310 Et
290 2261 640 2309 Carmentalem
662 2261 884 2310 Romano
905 2260 1099 2310 nomine
1118 2263 1310 2326 portam

195 2327 354 2388 Quam
374 2329 655 2386 memorant,
678 2326 907 2391 nymphae
927 2328 1137 2391 priscum
1159 2326 1429 2375 Carmentis
1451 2326 1679 2377 honorem

195 2392 335 2441 Vatis
356 2391 586 2441 fatidicae:
622 2393 794 2442 cecinit
816 2407 923 2457 quae
944 2393 1098 2456 prima
1117 2393 1305 2440 futuros
1681 2392 1780 2442 340

196 2458 433 2507 AEneadas
455 2473 655 2522 magnos
678 2461 729 2507 et
750 2457 909 2507 nobile
933 2459 1251 2508 Pallanteum.

196 2524 331 2572 Hinc
351 2523 514 2573 lucum
535 2525 798 2588 ingentem,
822 2539 965 2588 quem
986 2525 1224 2573 Romulus
1248 2539 1352 2573 acer
1374 2522 1580 2589 Asylum

196 2587 404 2649 Retulit,
427 2592 477 2638 et
499 2590 656 2654 gelida
671 2591 910 2639 monstrat
933 2591 1022 2639 sub
1044 2607 1161 2655 rupe
1183 2590 1432 2655 Lupercal,

196 2655 451 2703 Parrhasio
474 2656 658 2704 dictum
681 2656 839 2705 Panos
862 2656 921 2704 de
942 2673 1074 2705 more
1097 2657 1273 2721 Lycaei.

195 2721 250 2770 N
250 2735 303 2769 ec
324 2736 423 2769 non
445 2722 495 2769 et
517 2722 638 2770 sacri
658 2724 897 2771 monstrat
919 2738 1087 2772 nemus
1110 2721 1333 2787 Argileti,
1679 2723 1777 2772 345

196 2787 520 2850 Testaturque
541 2786 714 2848 locum,
738 2790 788 2837 et
809 2787 965 2837 letum
987 2787 1128 2837 docet
1150 2787 1354 2852 hospitis
1375 2783 1512 2855 Argi.

196 2851 331 2902 Hinc
351 2852 415 2902 ad
434 2852 686 2919 Tarpeiam
707 2852 867 2906 sedem
890 2856 940 2904 et
964 2854 1199 2920 Capitolia
1220 2853 1367 2917 ducit,
