1988 3034
112 384 202 434 Bis
223 383 371 432 Tusci
387 353 603 430 ’Rutulos
625 399 764 446 egere
786 382 848 430 ad
868 381 1046 430 moenia
1066 395 1254 428 versos.

112 450 202 499 Bis
221 449 386 514 rejecti
406 448 551 496 armis
571 451 844 512 respectant
866 450 1006 522 terga
1025 448 1262 510 tegentes·
1605 444 1704 496 630

112 515 279 564 Tertia
300 514 384 563 sed
404 518 662 591 postquam
683 513 923 578 congressi
944 514 997 560 in
1020 512 1199 576 proelia,
1221 512 1353 560 totas

113 581 400 646 Implicuere
420 581 549 629 inter
570 597 621 629 se
642 580 779 639 acies,
801 580 1014 644 legitque
1036 579 1195 626 virum
1215 578 1318 626 vir.

112 647 244 696 Tum
264 664 377 696 vero
398 650 450 696 et
471 647 682 711 gemitus
704 646 1010 702 morientum,
1033 647 1085 693 et
1107 644 1338 709 sanguine
1358 643 1411 692 in
1436 644 1534 693 alto

112 714 371 778 Armaque,
393 729 695 776 corporaque,
718 716 770 761 et
790 711 1017 788 permixti
1039 711 1171 759 caede
1192 711 1405 759 virorum

113 780 407 829 Semanimes
428 779 690 827 volvuntur
711 779 848 842 equi3
881 794 1046 841 pugna
1067 793 1232 840 aspera
1253 777 1427 840 surgit.
1607 778 1706 827 635

114 846 390 895 Orsilochus
412 845 621 904 Remuli,
644 843 870 908 quando
856 859 1016 907 ipsum
1037 843 1264 890 horrebat
1286 843 1431 900 adire,

113 911 326 961 Hastam
346 911 542 960 intorsit
564 926 700 974 equo,
722 910 994 973 ferrumque
1016 908 1105 956 sub
1128 925 1240 956 aure
1261 908 1483 974 reliquit·

112 978 222 1038 Quo
243 978 431 1054 sonipes
451 977 555 1025 ictu
576 976 695 1024 furit
716 975 908 1035 arduus,
931 975 1122 1038 altaque
1137 974 1294 1039 jactat

111 1042 337 1092 Vulneris
358 1042 614 1108 impatiens
637 1045 821 1091 arrecto
843 1043 1035 1106 pectore
1058 1057 1209 1089 crura.

111 1109 340 1159 Volvitur
360 1109 439 1158 ille
461 1126 684 1158 excussus
705 1107 860 1156 humi.
929 1106 1133 1156 Catillus
1156 1106 1328 1167 Iollan,
1610 1109 1709 1156 640

112 1174 466 1242 Ingentemque
488 1175 675 1235 animis,
697 1175 947 1251 ingentem
969 1189 1165 1237 corpore
1187 1176 1238 1222 et
1261 1173 1404 1223 armis

112 1241 296 1307 Dejicit
318 1242 658 1301 Herminium;
690 1241 820 1289 nudo
843 1240 923 1288 cui
946 1241 1123 1289 vertice
1145 1239 1279 1288 fulva

113 1307 353 1368 Centies,
374 1308 586 1371 nudique
605 1308 823 1367 humeri3
855 1323 943 1355 nec
964 1306 1163 1356 vulnera
1181 1308 1396 1366 terrent;

112 1373 341 1424 Tantus
326 1391 381 1423 ιιι
400 1390 535 1423 arma
554 1376 706 1438 patet.
774 1345 925 1422 L'atos
946 1372 1060 1421 huic
1081 1373 1224 1421 hasta
1244 1389 1331 1437 per
1352 1388 1510 1422 armos

112 1442 244 1491 Acta
264 1441 446 1500 tremit,
468 1440 773 1505 duplicatque
794 1440 953 1488 virum
973 1439 1206 1488 transfixa
1227 1438 1403 1488 dolore.
1611 1439 1709 1487 645

115 1506 359 1556 Funditur
380 1511 485 1556 ater
505 1507 683 1571 ubique
705 1522 870 1555 cruor:
906 1505 1026 1554 dant
1048 1505 1216 1555 funera
1235 1505 1362 1554 ferro

113 1573 368 1623 Certantes
389 1573 732 1638 pulchramque
754 1574 931 1637 petunt
952 1588 1037 1635 per
1058 1571 1256 1620 vulnera
1274 1573 1496 1623 mortem.

178 1641 252 1688 At
272 1639 453 1689 medias
474 1640 602 1688 inter
623 1639 779 1687 caedes
800 1637 1012 1687 exsultat
1035 1639 1267 1698 Amazon,

113 1705 280 1755 Unum
302 1709 490 1755 exserta
509 1706 636 1754 latus
658 1721 846 1769 pugnae,
867 1703 1143 1768 pharetrata
1168 1675 1400 1754 Camilla:

111 1770 187 1821 Et
205 1788 336 1821 nunc
356 1772 489 1820 lenta
510 1788 657 1820 manu
678 1787 906 1835 spargens
929 1770 1123 1818 hastilia
1143 1770 1328 1830 denset,
1610 1773 1712 1820 650

112 1836 259 1887 Nunc
281 1837 487 1887 validam
510 1837 678 1886 dextra
700 1837 828 1902 rapit
848 1836 1084 1885 indefessa
1103 1836 1374 1900 bipennem.

111 1904 301 1954 Aureus
322 1921 382 1954 ex
401 1903 602 1953 humero
623 1907 765 1953 sonat
785 1919 922 1952 arcus
944 1906 996 1952 et
1018 1919 1151 1950 arma
1172 1902 1358 1952 Dianae.

50 2021 54 2029 ,
115 1967 211 2020 111⁸
230 1970 392 2030 etiam,
414 1971 456 2019 si
478 1970 702 2034 quando
688 1987 741 2018 ιιι
762 1972 957 2034 tergum
978 1969 1116 2033 pulsa
1135 1969 1345 2030 recessit,

113 2034 307 2114 Spicula
327 2053 555 2086 converso
576 2036 813 2101 fugientia
833 2035 1002 2099 dirigit
1023 2052 1151 2084 arcu.

113 2102 187 2151 At
206 2103 385 2153 circum
407 2102 547 2151 lectae
566 2102 780 2160 comites,
803 2101 1072 2164 Larinaque
1094 2101 1247 2165 virgo,
1610 2101 1708 2152 655

289 2185 363 2228 ue,
384 2172 436 2217 et
460 2171 658 2217 aeratam
681 2167 900 2231 quatiens
922 2166 1126 2231 Tarpeia
1147 2181 1376 2229 securem,

115 2231 344 2294 Italides3
378 2250 496 2299 quas
517 2234 622 2299 ipsa
642 2233 785 2283 decus
808 2233 899 2282 sibi
921 2233 1000 2282 dia
1022 2233 1225 2283 Camilla

114 2298 328 2366 ΜΨ
114 2272 1340 2443 fflffisszsszfflmfflfflssssffiffl,

0 0 50 351 ¹
676 193 916 234 mos
938 194 1043 232 m
1067 194 1144 232 11

2 353 29 441 ὲ
112 317 238 368 Saxa
254 316 284 365 s
278 315 400 382 ugi,t
421 314 632 379 litusque
652 315 776 365 vado
796 315 988 365 labente
1001 313 1254 391 relinquit.

0 563 29 629 3⁶

4 636 24 696 l

3 716 25 776 ἑ

115 2429 336 2492 Pulsant,
358 2436 411 2482 et
464 2433 571 2481 ictis
592 2432 834 2482 bellantur
856 2433 1124 2481 Amazones
1146 2432 1320 2481 armis·
1610 2433 1712 2482 660

115 2497 212 2547 Seu
232 2498 411 2548 circum
539 2498 752 2563 polyten,
774 2514 859 2547 seu
880 2515 1030 2562 quum
1053 2514 1104 2547 se
1126 2497 1311 2546 Martia
1331 2513 1473 2547 curru

116 2561 422 2614 Penthesilea
441 2515 601 2623 reffert,
624 2581 833 2629 magnoq
773 2580 894 2628 oque
915 2563 1133 2613 ululante
1154 2563 1375 2613 tumultu

117 2627 347 2680 Feminea
366 2630 612 2680 exsultant
633 2630 814 2679 lunatis
837 2630 1031 2694 agmina
1051 2629 1209 2694 peltis.

116 2694 271 2756 Quem
291 2696 392 2746 telo
413 2697 637 2762 primum,
661 2713 804 2761 quem
827 2700 1139 2772 postremum,
1162 2711 1328 2760 aspera
1347 2694 1485 2761 virgo

115 2758 298 2828 Dojicin
312 2760 338 2811 P
370 2766 458 2812 aut
478 2766 599 2828 quot
620 2763 755 2811 humi
780 2762 1035 2811 morientia
1055 2777 1253 2826 corpora
1272 2761 1476 2814 fundis?
1609 2762 1708 2813 665

116 2823 363 2879 Eun-um
383 2826 548 2895 Clytio
567 2829 778 2895 primum
800 2830 964 2893 patre:
998 2827 1134 2893 cujus
1155 2830 1378 2893 apertum

117 2891 325 2950 &vui
343 2890 491 2964 bug:
506 2894 862 2948 transverberat
882 2893 1040 2946 abiete
1059 2896 1244 2963 pectus.
