1988 3034
675 251 720 287 Ρ.
743 249 979 287 VIRGILII
1000 249 1241 289 mom

159 367 273 418 Non
298 369 391 417 erit
414 369 587 418 auxilio
610 370 747 418 nobis
770 369 962 418 AEtolus
986 371 1036 418 et
1058 369 1207 433 Arpi:

158 435 231 483 At
254 435 505 498 Messapus
529 436 635 495 erit,
657 436 862 500 felixque
885 436 1183 495 Tolumnius,
1206 437 1257 485 et
1280 452 1399 500 quos

159 500 258 548 Tot
280 501 444 564 populi
466 502 634 550 misere
657 502 827 561 duces3
861 518 948 550 nec
970 502 1109 550 tarda
1130 503 1356 559 sequetur
1653 505 1752 555 430

160 566 327 614 Gloria
349 567 557 615 delectos
582 567 724 615 Latio
748 570 798 616 et
821 567 1142 616 Laurentibus
1167 568 1308 632 agris.

160 632 256 680 Est
278 635 328 680 et
351 633 634 681 Volscorum
658 633 850 698 egregia
871 634 929 682 de
952 636 1097 697 gente
1122 634 1338 692 Camilla,

160 699 353 762 Agmen
377 716 523 762 agens
547 700 763 762 equitum
787 703 837 747 et
859 700 1084 749 florentes
1107 717 1199 749 aere
1223 703 1451 748 catervas.

162 765 302 823 Quod
325 764 365 812 si
387 782 465 813 me
488 766 644 813 solum
667 766 839 826 Teucri
860 766 912 813 in
934 768 1197 816 certamina
1217 768 1437 830 poscunt,

161 829 317 894 quue
339 831 513 898 Plffssssk,
534 834 824 899 tantumque
846 833 981 883 bonis
1004 833 1338 882 communibus
1361 833 1530 892 obst03
1651 831 1751 882 435

159 895 277 944 Non
301 897 421 958 adieo
444 905 530 952 has
554 920 695 952 exosa
717 919 886 950 manus
908 900 1109 949 victoria
1130 899 1273 963 fugit,

161 961 235 1009 Ufi
257 964 401 1031 tanta
423 970 682 1034 quidquam
702 985 789 1032 pro
812 984 893 1031 spe
915 970 1103 1015 tentare
1126 981 1351 1013 recusem.

162 1027 268 1098 lbpa
281 1037 452 1085 animis
476 1039 669 1084 contra:
705 1034 780 1082 vel
802 1050 1033 1098 magnum
1054 1034 1257 1096 praestet
1279 1030 1532 1091 Achillem,

162 1093 410 1165 Factaque
433 1102 637 1150 Vulcani
659 1100 878 1148 manibus
900 1099 1031 1163 paria
1051 1099 1222 1146 induat
1245 1114 1377 1146 arma

166 1169 258 1218 Ille
279 1169 404 1216 licet.
475 1168 624 1216 Vobis
648 1168 856 1215 animam
877 1166 1000 1213 hanc
1024 1181 1276 1228 soceroque
1298 1163 1474 1212 Latino
1651 1165 1753 1213 440

167 1235 358 1282 Turnus
383 1251 486 1299 ego,
508 1234 639 1281 haud
660 1233 747 1279 ulli
770 1235 984 1280 veterum
1007 1231 1190 1278 virtute
1213 1230 1462 1289 secunduS,

167 1301 369 1349 Devovi.
439 1300 603 1348 Solum
626 1299 803 1347 AEneas
827 1300 993 1346 vocat:
1030 1299 1094 1354 et,
1117 1299 1271 1355 vocet,
1295 1313 1392 1344 oro.

166 1366 273 1416 Nec
296 1367 509 1415 Drances
531 1366 708 1429 potiuS,
732 1365 830 1412 sive
853 1367 927 1413 est
950 1363 1050 1411 haec
1073 1363 1144 1410 ira
1165 1362 1375 1419 deorum,

167 1432 332 1481 Morte
354 1433 485 1490 luat;
520 1432 619 1480 sive
642 1434 716 1479 est
738 1431 894 1478 virtus
917 1432 967 1478 et
989 1429 1154 1493 gloria,
1177 1428 1366 1476 tollat.”

235 1499 318 1547 Illi
339 1499 441 1547 haec
464 1498 592 1546 inter
616 1514 664 1545 se
689 1497 844 1545 dubiis
868 1497 926 1544 de
948 1497 1089 1543 rebus
1112 1495 1319 1558 agebant
1654 1493 1752 1542 445

167 1564 422 1614 Certantes
442 1585 453 1612 ι
490 1566 645 1612 castra
667 1563 843 1611 AEneas
866 1562 1105 1625 aciemque
1128 1561 1365 1608 movebat.

168 1631 392 1679 Nuncius
414 1631 603 1694 ingenti
624 1646 709 1693 per
731 1630 863 1694 regia
884 1631 1016 1676 tecta
1036 1626 1257 1675 tumultu

168 1697 296 1746 Ecce
318 1697 432 1755 ruit,
456 1696 734 1760 magnisque
758 1696 924 1743 urbem
945 1694 1206 1742 terroribus
1228 1692 1424 1755 implet:

169 1761 445 1811 Instructos
469 1762 567 1809 acie
591 1762 814 1809 Tiberino
838 1778 867 1808 a
888 1760 1083 1807 flumine
1108 1759 1314 1806 Teucros

169 1828 561 1892 Tyrrhenamque
583 1843 781 1874 manum
803 1826 921 1874 totis
945 1825 1223 1873 descendere
1246 1823 1439 1886 campis.
1653 1823 1756 1871 450

169 1894 430 1958 Extemplo
453 1893 640 1941 turbati
663 1892 823 1950 animi,
848 1907 1164 1953 concussaque
1186 1889 1322 1952 vulgi

169 1959 387 2018 Pectora,
411 1962 461 2007 et
485 1961 676 2007 arrectae
700 1958 906 2005 stimulis
929 1957 1059 2004 haud
1080 1956 1303 2004 mollibus
1325 1955 1425 2002 irae.

169 2027 321 2074 Arma
343 2026 499 2073 Manu
520 2024 696 2088 trepidi
718 2026 950 2087 poscunt3
984 2022 1146 2071 fremit
1170 2038 1302 2069 arma
1315 2020 1546 2083 juventus
1565 2039 1574 2076 ;

171 2091 318 2140 Flent
339 2091 497 2140 maesti
517 2094 830 2152 mussantque
852 2091 1026 2153 patres
1095 2088 1194 2135 Hic
1216 2087 1426 2150 undique
1448 2086 1625 2134 clamor

170 2157 406 2208 Dissensu
427 2157 558 2205 vario
581 2172 786 2220 magnus
810 2172 859 2203 se
881 2155 1012 2203 tollit
1034 2155 1086 2202 in
1109 2170 1272 2202 auras:
1659 2152 1755 2201 455

171 2224 322 2273 Haud
345 2240 479 2272 secus
503 2226 647 2285 atque
670 2222 768 2269 alto
791 2222 842 2269 in
865 2221 972 2269 luco
996 2237 1146 2283 quum
1168 2220 1292 2268 forte
1315 2220 1519 2267 catervae

171 2290 438 2339 Consedere
462 2289 636 2347 avium,
659 2288 902 2350 piscosove
926 2303 1064 2335 amne
1086 2286 1291 2334 Padusae

171 2355 309 2404 Dant
333 2355 545 2403 sonitum
567 2354 698 2402 rauci
720 2370 804 2416 per
827 2355 1000 2416 stagna
1019 2352 1235 2415 loquacia
1255 2350 1407 2415 cycni.

171 2426 201 2448 “
216 2421 424 2480 Immo,”
451 2421 535 2478 ait,
560 2422 586 2444 “
601 2435 630 2466 o
652 2419 826 2476 cives,’'
853 2420 1041 2481 arrepto
1064 2421 1278 2480 tempore
1301 2416 1508 2477 Turnus,

172 2490 202 2514 “
217 2487 390 2552 Cogite
413 2485 680 2544 concilium,
705 2486 754 2532 et
777 2500 941 2547 pacem
962 2483 1154 2530 laudate
1178 2482 1394 2529 sedentes
1413 2502 1422 2528 ε
1661 2482 1760 2528 460

173 2553 257 2601 Illi
279 2553 422 2601 armis
444 2552 496 2599 in
518 2567 666 2615 regna
687 2549 880 2597 ruant.’'
951 2549 1056 2596 Nec
1079 2548 1217 2611 plura
1237 2547 1427 2595 locutus

174 2618 418 2683 Corripuit
442 2633 542 2666 sese
564 2620 615 2665 et
637 2616 780 2664 tectis
804 2616 929 2663 citus
953 2615 1127 2663 extulit
1150 2613 1274 2661 altis.

175 2688 203 2710 “
219 2685 310 2743 Tu,
334 2684 526 2742 Voluse,
549 2682 722 2732 armari
744 2681 1028 2730 Volscorum
1050 2680 1179 2728 edice
1203 2676 1423 2742 maniplis
1442 2698 1451 2735 3

175 2750 334 2809 Duc‚”
360 2750 444 2807 ait,
468 2753 495 2774 “
510 2751 561 2798 et
583 2748 809 2796 Rutulos.
878 2747 1123 2810 Equitem,
1147 2745 1413 2807 Messapus,
1435 2745 1486 2792 in
1505 2744 1662 2803 armiS‚

175 2816 249 2863 Et
272 2831 381 2863 cum
403 2815 550 2863 fratre
574 2814 734 2872 Coras,
756 2813 868 2862 latis
892 2812 1146 2861 diffundite
1169 2811 1363 2873 campis,
1660 2810 1759 2860 465

177 2879 297 2929 Pars
320 2880 478 2928 aditus
500 2880 631 2928 urbis
655 2880 849 2927 firment
870 2881 1119 2942 turresque
1141 2878 1413 2940 capessant:

178 2945 364 3011 Cetera,
387 2962 481 3013 qua
494 2946 643 3011 juss0‚
665 2961 854 2999 mecum
875 2961 1046 2997 manus
1067 2944 1240 2998 inferat
1263 2942 1442 2995 arma.’'
