1988 3034
779 238 825 272 1³.
847 235 1084 274 moun
1106 236 1345 276 meme

267 354 521 421 Sanguinis
543 355 625 406 ille
646 370 842 406 vomens
863 356 992 407 rivos
1014 357 1157 419 cadit,
1180 359 1324 422 atque
1346 358 1593 407 cruentam

266 422 463 471 Mandit
485 423 702 484 humum,
725 424 1024 489 moriensque
1047 441 1134 473 suo
1156 441 1206 473 se
1227 425 1279 473 in
1300 425 1495 474 vulnere
1516 425 1690 473 versat.

266 489 394 538 Tum
418 488 584 550 Lirim,
610 490 944 555 Pagasumque
967 508 1134 555 super:
1169 508 1373 556 quorum
1395 492 1516 540 alter
1537 491 1745 540 habenas
1761 488 1860 540 670

266 555 478 604 Suffosso
500 556 746 605 revolutus
769 574 889 621 equo
913 558 1028 605 dum
1051 558 1250 622 colligit,
1274 558 1396 606 alter

268 621 400 670 Dum
425 623 569 683 subit,
593 640 647 671 ac
671 623 889 672 dextram
909 624 1092 672 labenti
1112 624 1272 672 tendit
1294 625 1540 684 inermem,

268 687 544 752 Praecipites
565 689 837 754 pariterque
858 693 1022 738 ruunt.
1089 690 1184 737 His
1209 690 1343 738 addit
1366 692 1649 739 Amastrum

267 753 608 819 Hippotaden3
642 757 948 820 sequiturque
969 757 1250 805 incumbens
1274 757 1457 806 eminus
1479 758 1622 806 hasta
1716 754 1860 820 [queg

268 820 523 885 Tereaque,
541 822 977 887 Harpalycumque,
995 826 1045 871 et
1067 823 1453 887 Demophoonta,
1472 822 1739 872 Chromim-
1762 822 1860 871 675

271 887 493 949 Quotque
515 888 687 937 emissa
707 905 855 937 manu
876 890 1110 938 contorsit
1134 890 1314 952 spicula
1335 891 1486 954 virgo,

269 952 368 1001 Tot
391 953 597 1019 Phrygii
619 955 825 1003 cecidere
847 955 953 1003 viri.
1023 955 1201 1003 Procul
1223 955 1440 1021 Ornytus
1464 955 1608 1005 armis

270 1018 463 1083 Ignotis
486 1024 537 1068 et
559 1037 681 1083 equo
703 1023 903 1069 venator
926 1021 1110 1085 Iapyge
1132 1022 1311 1081 fertur3

272 1085 364 1134 Cui
385 1086 520 1149 pellis
541 1087 665 1134 latos
687 1088 911 1136 humeros
934 1091 1096 1151 erepta
1111 1087 1317 1152 juvenco

272 1150 543 1216 Pugnatori
566 1153 747 1216 operit;
781 1156 926 1217 caput
947 1154 1116 1218 ingens
1140 1155 1233 1202 oris
1256 1155 1419 1203 hiatus
1761 1154 1865 1204 680

273 1217 344 1266 Et
366 1218 501 1266 malae
523 1221 683 1267 texere
704 1219 807 1283 lupi
829 1237 940 1268 cum
962 1220 1185 1268 dentibus
1209 1221 1341 1281 albis,

273 1285 587 1348 Agrestisque
609 1302 779 1333 manus
803 1287 958 1333 armat
981 1302 1161 1349 sparus.
1231 1287 1343 1351 Ipse
1366 1286 1568 1337 catervis

273 1350 495 1398 Vertitur
516 1352 567 1399 in
590 1352 772 1411 mediis,
795 1353 846 1400 et
867 1354 976 1400 toto
998 1353 1176 1401 vertice
1198 1370 1341 1417 supra
1362 1357 1451 1402 est.

275 1416 425 1465 Hunc
446 1417 530 1466 illa
551 1421 817 1482 exceptum,
840 1435 993 1482 neque
1016 1419 1144 1466 enim
1165 1419 1299 1468 labor
1322 1421 1512 1484 agmine
1535 1434 1685 1481 verso,

274 1483 489 1547 Trajicit,
513 1487 563 1532 et
585 1501 726 1548 super
746 1485 851 1533 haec
873 1485 1066 1533 inimico
1089 1488 1279 1549 pectore
1301 1487 1460 1537 fatur:
1764 1485 1865 1536 685

276 1551 304 1575 “
320 1549 461 1597 Silvis
483 1555 549 1610 te,
573 1551 836 1614 Tyrrhene,
858 1551 981 1599 feras
1004 1552 1186 1615 agitare
1207 1553 1434 1617 putasti?

276 1616 490 1664 Advenit
513 1617 596 1679 qui
618 1620 781 1666 vestra
801 1617 901 1665 dies
924 1618 1234 1667 muliebribus
1259 1620 1404 1668 armis

277 1682 436 1730 Verba
457 1683 768 1747 redarguerit.
837 1684 1031 1732 Nomen
1053 1687 1217 1733 tamen
1239 1686 1371 1734 haud
1392 1686 1496 1735 leve
1518 1685 1711 1751 patrum

278 1748 507 1796 Manibus
529 1750 620 1797 hoc
643 1750 828 1808 referes,
851 1751 950 1798 telo
974 1751 1196 1799 cecidisse
1219 1751 1481 1800 Camillae.”

279 1814 517 1862 Protenus
541 1815 843 1863 Orsilochum
865 1818 915 1863 et
938 1816 1116 1877 Buten,
1139 1818 1234 1865 duo
1255 1818 1464 1867 maxima
1485 1818 1723 1868 Teucrum
1767 1818 1869 1866 690

280 1880 514 1944 Corpora:
551 1882 634 1929 sed
656 1881 819 1929 Buten
843 1898 1061 1929 aversum
1084 1883 1275 1946 cuspide
1298 1884 1406 1932 fixit

279 1946 500 1994 Loricam
523 1947 799 2010 galeamque
820 1947 960 2007 inter,
985 1965 1079 2011 qua
1100 1949 1222 1997 colla
1243 1950 1450 1998 sedentis

280 2012 483 2072 Lucent,
506 2017 556 2061 et
578 2013 699 2061 laevo
722 2014 956 2077 dependet
979 2031 1143 2078 parma
1163 2016 1369 2076 lacert03

281 2078 597 2139 Orsilochum,
620 2079 807 2143 fugiens
830 2096 1154 2145 magnumque
1177 2082 1363 2146 agitata
1383 2099 1468 2146 per
1491 2081 1668 2145 orbem,

280 2145 452 2193 Eludit
475 2162 595 2209 gyro
618 2146 830 2205 interior,
852 2147 1160 2210 sequiturque
1184 2152 1488 2212 sequentem3
1770 2150 1868 2198 695

281 2210 409 2258 Tum
430 2213 635 2260 validam
660 2229 835 2276 perque
858 2229 990 2260 arma
1011 2214 1113 2261 viro
1136 2226 1311 2279 perque
1334 2232 1441 2264 ossa
1462 2216 1679 2279 securim,

280 2277 443 2325 Altior
465 2294 736 2341 exsurgens,
761 2279 918 2326 oranti
940 2281 990 2327 et
1011 2279 1168 2328 multa
1188 2282 1403 2344 precanti

282 2342 626 2407 Congeminat:
662 2344 837 2392 vulnus
859 2345 1010 2392 calido
1032 2346 1161 2409 rigat
1184 2346 1267 2401 0³6⁶!
1288 2349 1492 2396 cerebro.

281 2408 465 2457 Incidit-
485 2410 612 2469 huic,
636 2410 890 2473 subitoque
914 2414 1110 2474 aspectu
1131 2396 1329 2461 territus
1351 2414 1492 2462 haesit

281 2476 668 2539 Appenninicolae
690 2476 893 2524 bellator
915 2477 1041 2525 filius
1064 2479 1211 2538 Auni,
1772 2479 1871 2531 ‘700

282 2541 434 2589 Haud
455 2542 693 2606 Ligurum
715 2546 969 2603 extremus,
992 2544 1110 2591 dum
1130 2544 1289 2594 fallere
1312 2545 1413 2594 fata
1434 2543 1668 2595 sinebant.

283 2606 443 2671 Isque,
465 2609 550 2656 ubi
572 2626 622 2657 se
643 2609 776 2657 nullo
792 2610 896 2673 jam
918 2627 1060 2658 cursu
1082 2612 1276 2660 evadere
1298 2628 1475 2676 pugnae

283 2672 445 2733 Posse,
468 2691 621 2739 neque
642 2675 908 2724 instantem
928 2677 1144 2741 reginam
1166 2680 1376 2727 avertere
1399 2678 1566 2740 cernit,

284 2739 493 2788 Consilio
515 2757 701 2790 versare
724 2742 856 2790 dolos
878 2743 1119 2807 ingressus
1143 2747 1194 2792 et
1216 2746 1339 2804 astu,

284 2804 466 2868 Incipit
488 2806 615 2856 haec:
653 2810 680 2832 “
699 2808 829 2867 Quid
849 2810 953 2856 tam
976 2810 1236 2873 egregium,
1259 2811 1300 2858 si
1322 2807 1500 2859 femina
1519 2810 1637 2861 forti
1770 2811 1869 2862 ‘705

284 2869 419 2918 Fidis
442 2871 601 2934 equo?
636 2873 829 2922 dimitte
850 2875 1030 2938 fugam,
1054 2879 1104 2924 et
1126 2879 1178 2924 te
1200 2876 1413 2924 cominus
1435 2893 1574 2940 aequo

283 2934 481 2986 Mecum
504 2938 640 2987 crede
662 2939 778 3001 solo,
799 2957 1071 3005 pugnaeque
1092 2942 1284 3006 accinge
1304 2943 1543 3006 pedestri3
