1988 3034
667 138 907 178 mos
927 139 1034 177 m.
1055 138 1107 177 x.

94 256 320 310 Ausoniis
339 276 353 318 3
385 256 535 308 donec
554 273 715 308 versas
737 259 797 307 ad
818 259 964 309 litora
982 273 1166 325 puppes

94 323 394 390 Respiciunt,
414 326 671 389 totumque
693 325 835 374 allabi
857 326 1083 374 classibus
1105 342 1280 390 aequor.

95 390 249 440 Ardet
269 407 388 455 apex
408 390 570 455 capiti,
592 391 843 455 cristisque
865 408 894 439 a
914 392 1092 440 vertice
1113 392 1307 440 flamma

95 455 353 516 Funditur,
375 459 427 505 et
446 459 610 505 vastos
630 457 779 506 umbo
799 457 956 506 vomit
978 473 1147 506 aureus
1169 458 1305 522 ignes
1323 476 1339 506 ε

91 520 211 571 Non
232 538 367 570 secus
389 538 445 570 ac
464 522 647 585 liquida
667 523 709 570 si
731 523 920 587 quando
942 526 1085 572 nocte
1107 526 1309 573 cometae

92 586 354 652 Sanguinei
373 587 578 652 lugubre
598 588 788 647 rubent,
812 591 899 637 aut
920 588 1070 637 Sirius
1093 589 1263 638 ardor:

93 651 184 702 Ille
204 653 338 702 sitim
359 653 643 717 morbosque
663 654 816 703 ferens
838 654 1120 703 mortalibus
1142 655 1285 719 aegris

91 717 339 778 Nascitur,
361 723 413 767 et
433 718 555 767 laevo
577 719 834 768 contristat
855 720 1036 768 lumine
1058 720 1251 768 coelum.

39 840 41 842 ,
156 783 309 832 Haud
328 788 493 833 tamen
514 784 681 832 audaci
702 784 867 832 Turno
889 785 1065 832 fiducia
1085 785 1230 832 cessit

91 848 261 898 Litora
280 850 547 914 praecipere,
569 853 621 898 et
641 850 887 898 venientes
907 850 1081 913 pellere
1103 853 1245 898 terra.

93 914 263 980 [Ultro
284 915 468 964 animos
488 915 621 963 tollit
642 915 800 975 dictis,
822 918 967 979 atque
987 915 1203 979 increpat
1224 916 1354 964 ultro
1373 913 1410 980 ε]

89 983 120 1007 ‘⁴
135 980 276 1042 Quod
295 981 423 1030 votis
445 981 649 1044 optastis
671 981 821 1040 adest,
850 981 1141 1046 perfringere
1164 982 1347 1030 dextra.

90 1044 156 1095 In
173 1046 395 1096 manibus
418 1046 555 1095 Mars
574 1046 691 1110 ipse,
712 1047 819 1095 viri.
887 1047 1035 1095 Nunc
1057 1047 1276 1112 conjugis
1298 1050 1404 1096 esto

90 1111 301 1177 Quisque
321 1129 418 1161 suae
438 1113 652 1175 tectique
673 1129 889 1172 mernor;
921 1129 1051 1161 nunc
1072 1129 1249 1178 magna
1271 1114 1448 1162 referto

90 1176 256 1238 Facta,
277 1182 472 1243 patrum
493 1178 670 1227 laudes.
739 1178 886 1227 Ultro
909 1195 1208 1228 coemamus
1232 1179 1294 1227 ad
1314 1180 1510 1240 undam,

0 1258 1 1266 ¹
89 1241 224 1292 Dum
243 1244 434 1308 trepidi,
455 1245 723 1309 egressique
743 1244 909 1293 labant
929 1245 1136 1309 vestigia
1156 1246 1325 1309 prima.

0 1371 1 1377 ἵ
86 1309 335 1359 Audentes
356 1309 552 1359 fortuna
563 1310 756 1375 juvat.’'

87 1373 214 1425 Hac
233 1376 319 1435 ait,
341 1379 393 1425 et
413 1392 576 1424 secum
595 1379 771 1435 versat,
794 1393 912 1441 quos
934 1377 1105 1426 ducere
1127 1379 1309 1438 contra,

85 1439 179 1490 vel
199 1441 372 1506 quibus
393 1442 608 1491 obsessos
629 1443 783 1506 possit
805 1443 1083 1492 concredere
1104 1459 1281 1492 muros.

153 1506 350 1557 Interea
369 1507 547 1557 AEness
569 1509 721 1557 socios
744 1509 803 1557 de
823 1509 1063 1573 puppibus
1086 1509 1198 1557 altis

87 1571 326 1623 Pontibus
347 1574 559 1638 exponit.
627 1574 781 1622 Multi
803 1591 989 1623 servare
1010 1591 1227 1623 recursus

87 1637 385 1705 languentis
465 1639 579 1704 lagi,
600 1642 652 1688 et
673 1640 896 1688 brevibus
919 1656 969 1688 se
991 1641 1179 1689 credere
1201 1640 1358 1701 saltu3

87 1702 184 1754 Per
201 1721 357 1755 remos
542 1705 822 1770 Speculatus
844 1706 990 1754 litora
1010 1706 1247 1765 Tarchon,

86 1769 196 1831 Qua
214 1771 337 1821 vada
356 1788 454 1821 non
476 1771 675 1836 spirant,
696 1788 784 1820 nec
805 1772 959 1820 fracta
978 1774 1301 1821 remurmurat
1322 1771 1465 1835 unda,

86 1834 182 1886 Sed
200 1853 331 1887 mare
351 1837 638 1887 inoffensum
660 1838 891 1887 crescenti
912 1838 1136 1887 allabitur
1158 1842 1295 1899 aestu,

86 1901 314 1952 Advertit
335 1903 496 1952 subito
516 1919 697 1968 proras,
719 1904 963 1967 sociosque
984 1907 1206 1968 precatur
1225 1925 1236 1953 :

86 1971 119 1995 ‘⁴
133 1966 294 2029 Nunc,
315 1986 346 2018 o
366 1969 493 2019 lecta
511 1986 696 2028 manus,
720 1970 890 2018 validis
911 1970 1177 2018 incumbite
1199 1971 1341 2019 remis
1364 1990 1378 2021 z

32 2093 43 2104 .
85 2031 277 2094 Tollite,
299 2035 420 2083 ferte
440 2037 596 2094 rates3
623 2034 867 2083 inimicam
888 2035 1058 2083 findite
1079 2035 1247 2083 rostris

85 2097 231 2149 Hanc
250 2103 444 2160 terram,
467 2100 746 2164 sulcumque
767 2100 860 2149 sibi
880 2103 1068 2164 premat
1089 2101 1193 2165 ipsa
1214 2101 1386 2150 carina.

26 2111 44 2263 ,
85 2162 329 2231 Frangere
350 2182 438 2215 nec
459 2165 548 2215 tali
569 2182 635 2230 pu
669 2166 769 2231 pim
790 2167 1000 2215 statione
1022 2183 1201 2226 recuso,

84 2230 294 2296 Arrepta
314 2231 485 2281 tellure
506 2248 632 2280 seme
670 2232 701 2254 ''
772 2232 889 2292 Quae
914 2232 1032 2281 talia
1052 2237 1307 2297 postquam

83 2294 276 2346 Bfl'atus
298 2297 534 2357 Tarchon,
556 2298 671 2346 socii
693 2314 976 2363 consurgere
996 2299 1167 2358 tonsis,

84 2360 464 2428 Spumantesque
484 2366 612 2412 rates
635 2365 759 2412 arvis
781 2364 955 2413 inferre
978 2364 1166 2413 Latinis
1187 2385 1198 2423 ;

84 2425 252 2478 Donec
273 2433 430 2479 rostra
448 2432 620 2479 tenent
642 2430 836 2490 siccum,
858 2433 910 2478 et
932 2430 1092 2479 sedere
1114 2430 1283 2478 carinae

85 2489 264 2543 Omnes
283 2495 529 2544 innocuae:
565 2495 647 2544 sed
668 2512 766 2543 non
788 2495 960 2559 puppis
981 2498 1083 2555 tua,
1105 2495 1343 2544 Tarchon.

36 2612 43 2623 ‚
83 2556 309 2625 Namque
328 2561 510 2610 inflicta
532 2561 666 2608 vadis
689 2561 829 2609 dorso
851 2561 969 2608 dum
989 2561 1168 2624 pendet
1190 2561 1370 2625 iniquo,

36 2665 45 2679 .
83 2624 273 2692 Anceps
294 2629 566 2675 sustentata
586 2626 684 2685 diu,
707 2626 976 2689 fluctusque
997 2627 1203 2691 fatigat:

15 2723 44 2755 .·
83 2688 310 2751 Solvitur,
332 2695 477 2756 atque
497 2692 624 2741 viros
647 2692 814 2741 mediis
836 2692 1032 2756 exponit
1061 2693 1112 2740 in
1135 2692 1276 2740 undis
1296 2711 1308 2751 3

9 2773 48 2828 {⁹
86 2751 347 2822 Pngmina
366 2773 602 2807 remorum
628 2774 747 2822 quos
770 2761 821 2806 et
843 2757 1087 2806 fluitantia
1107 2760 1321 2807 transtra

0 2840 3 2842 ·
42 2888 53 2917 ·
87 2815 379 2887 Impediunt,
399 2822 696 2889 retrahitque
720 2823 888 2888 pedem
912 2822 1055 2872 simul
1076 2823 1206 2873 unda
1226 2823 1456 2875 relabens.

1586 391 1685 442 270

1586 721 1683 770 275

1583 1051 1683 1098 280

1581 1380 1681 1428 285

1580 1709 1680 1757 290

1579 2038 1679 2087 295

1578 2367 1679 2416 300

1574 2695 1674 2745 805
