1988 3034
647 141 1136 187 mamm.
1209 117 1216 125 ’

99 264 300 318 Diluvio
320 281 380 316 ex
397 263 483 315 illo
500 264 584 315 tot
602 266 744 314 vasta
761 279 848 328 per
869 279 1064 327 aequora
1082 258 1214 312 vecti

98 333 192 383 Dis
212 333 374 382 sedem
394 331 616 396 exiguam
636 331 807 395 patriis
827 330 1039 394 litusque
1059 342 1285 393 rogamus

99 398 387 460 Innocuum,
409 401 461 447 et
481 397 670 447 cunctis
689 396 963 460 undamque
985 410 1243 458 auramque
1262 391 1526 458 patentem.
1587 392 1690 449 230

97 465 216 515 Non
237 466 413 515 erimus
433 480 583 528 regno
604 463 875 512 indecores:
910 478 999 511 nec
1019 466 1182 511 vestra
1202 461 1383 510 seretur
1424 485 1429 490 ¹

98 531 254 580 Fama
271 531 407 591 levis,
427 530 616 580 tantive
636 529 875 579 abolescet
896 528 1055 592 gratia
1075 527 1221 587 sacti3

97 597 205 646 Nec
227 597 422 662 Trojam
443 596 683 644 Ausonios
705 595 888 661 gremio
911 595 1148 659 excepisse
1168 592 1370 657 pigebit.

98 662 227 711 Fata
245 679 332 727 per
352 662 521 711 AEneae
529 662 657 726 juro,
678 661 989 724 dextramque
1009 662 1276 724 potentem,

98 728 211 778 Sive
231 729 341 789 fide,
363 744 448 777 seu
469 728 575 791 quie
595 726 721 775 bello
743 728 819 775 est
840 728 1064 789 expertus
1086 726 1138 773 et
1159 724 1333 780 armis;
1593 722 1691 772 235

98 793 254 843 Multi
273 810 362 843 nos
382 793 561 858 populi,
581 792 877 840 multae-—ne
897 794 1077 851 temne,
1100 790 1229 854 quod
1250 790 1380 838 ultro
1683 817 1686 819 -

99 858 405 909 Praeferimus
425 858 646 907 manibus
667 857 819 907 vittas
841 873 897 906 ac
916 857 1064 906 verba
1083 855 1391 920 precantia-

98 925 173 975 Et
192 925 371 990 petiere
392 924 485 973 sibi
506 926 557 973 et
578 923 771 972 voluere
793 923 1053 988 adjungere
1073 924 1262 986 gentes·

99 990 196 1040 Sed
215 1007 305 1040 nos
324 991 429 1039 fata
448 990 591 1040 deum
611 991 796 1039 vestras
819 990 1062 1052 exquirere
1083 990 1237 1037 terras

99 1056 324 1121 Imperiis
345 1073 483 1120 egere
504 1056 617 1105 suis.
685 1055 820 1104 Hinc
841 1055 1097 1104 Dardanus
1120 1056 1255 1103 ortus
1270 1071 1285 1102 ε
1595 1052 1696 1099 240

100 1122 218 1172 Huc
238 1123 430 1188 repetit,
445 1123 684 1187 jussisque
703 1121 983 1187 ingentibus
1003 1122 1149 1185 urget
1170 1118 1346 1184 Apollo

99 1187 407 1254 Tyrrhenum
427 1188 490 1237 ad
510 1188 749 1252 Thybrim
770 1190 822 1236 et
842 1187 992 1236 fontis
1014 1187 1138 1236 vada
1159 1201 1293 1236 sacra
1313 1181 1526 1235 Numiei;

100 1254 207 1304 Dat
226 1254 320 1304 tibi
340 1257 571 1320 praeterea
590 1254 798 1303 fortunae
819 1269 968 1318 parva
987 1252 1160 1318 prioris

101 1319 325 1381 Munera,
345 1320 569 1384 reliquias
590 1320 737 1385 Troja
756 1336 816 1368 ex
838 1320 1036 1369 ardente
1057 1320 1289 1384 receptaS.

102 1386 218 1438 Hoc
235 1390 376 1451 pater
395 1386 631 1436 Anchises
653 1402 769 1435 auro
788 1385 972 1435 libabat
993 1385 1056 1434 ad
1077 1401 1211 1434 aras:
1598 1381 1699 1429 245

103 1451 218 1502 Hoc
240 1452 424 1502 Priami
443 1454 694 1517 gestamen
714 1454 832 1512 erat,
855 1467 1005 1516 quum
1020 1451 1133 1516 jura
1151 1449 1336 1500 vocatis

104 1518 248 1568 More
268 1518 407 1568 daret
490 1518 630 1582 pulis,
651 1520 987 1582 sceptrumque
1008 1532 1232 1583 sacerque
1252 1516 1417 1577 tiaras,

106 1583 409 1649 Iliadumque
476 1584 566 1633 bor
584 1583 793 1633 veetes.’'

171 1650 370 1699 Talibus
393 1649 565 1699 Ilionei
586 1649 729 1698 dietis
751 1649 908 1698 defixa
928 1647 1135 1698 Latinus

106 1715 302 1767 Obtutu
321 1718 460 1766 tenet
481 1731 578 1777 ora,
601 1715 795 1780 soloque
815 1715 1075 1764 immobilis
1096 1713 1270 1774 hoeret‚
1602 1709 1706 1758 250

107 1781 336 1832 Intentos
356 1781 553 1831 volvem
575 1781 751 1831 oeulos.
817 1781 926 1830 Neo
947 1795 1159 1846 purpura
1178 1795 1346 1845 regem

107 1847 253 1899 Picta
271 1851 450 1910 movet,
470 1864 560 1898 nec
582 1850 770 1913 sceptra
789 1850 989 1898 movent
1011 1847 1255 1896 Priameia
1274 1845 1486 1904 tantum,

109 1914 360 1975 Quantum
379 1915 433 1963 in
454 1914 692 1964 connubio
713 1915 840 1963 natae
861 1913 1172 1978 thalamoque
1193 1914 1411 1962 moratur
1428 1931 1440 1971 ;

108 1980 183 2030 Et
203 1981 379 2030 veteris
402 1980 560 2030 Fauni
579 1980 733 2030 volvit
755 1981 845 2029 sub
866 1983 1059 2045 pectore
1082 1981 1278 2043 portem.

0 2062 5 2070 ·
110 2046 262 2096 Hunc
282 2046 421 2095 illum
441 2046 554 2095 fatis
576 2050 774 2095 externa
794 2046 855 2094 ab
877 2047 987 2095 sede
1007 2046 1280 2110 profectum
1607 2042 1706 2091 255

109 2110 346 2163 Pon-tendi
367 2128 612 2178 generum,
634 2112 920 2177 paribusque
942 2111 995 2159 in
1017 2128 1165 2175 regna
1185 2107 1350 2159 vocari

111 2178 380 2244 Auspicii23
413 2178 526 2227 huic
547 2177 823 2243 progeniem
845 2178 1027 2226 virtute
1049 2177 1267 2225 suturam

111 2243 390 2310 Egregium,
412 2246 464 2294 et
483 2246 647 2294 totum
669 2259 778 2308 quae
797 2243 979 2293 viribus
1002 2244 1204 2307 occupet
1225 2242 1406 2291 orbem.

110 2309 326 2360 Tandem
346 2309 489 2359 letus
511 2310 581 2359 ait
598 2330 612 2360 ε
646 2313 675 2338 “
692 2310 762 2359 Di
783 2312 950 2359 nostra
970 2309 1163 2374 incepta
1183 2308 1462 2365 secundent,

113 2376 482 2442 Auguriumque
503 2377 673 2426 suum!
727 2375 954 2437 Dabitur,
978 2376 1198 2441 Trojano,
1217 2374 1347 2438 quod
1373 2375 1541 2439 optas:
1600 2371 1712 2424 ,260

113 2441 326 2493 Munera
344 2459 433 2491 nec
455 2459 639 2508 sperno.
707 2441 825 2491 Non
846 2442 997 2502 vobis,
1020 2458 1133 2507 rege
1155 2440 1349 2508 Latine,

115 2506 301 2559 Divitia
320 2508 440 2558 uber
461 2509 565 2573 agri
587 2508 803 2573 Trojaeve
826 2508 1074 2573 opulentia
1095 2507 1263 2555 deerit.

116 2572 232 2652 Ipse
253 2574 396 2624 modo
418 2573 610 2635 Elaeae,
632 2574 787 2623 nostri
809 2574 851 2622 si
871 2577 1014 2624 tanta
1034 2573 1207 2637 cupido
1229 2575 1322 2639 est,

117 2639 172 2690 81
195 2640 331 2717 ungi
350 2640 562 2705 hospitio
582 2642 806 2705 properat
828 2640 1075 2703 sociusque
1097 2637 1273 2700 vocari,

200 2708 391 2766 vemat3
422 2706 587 2755 vultus
607 2722 727 2755 neve
749 2705 1052 2754 exhorrescat
1073 2704 1267 2754 amicos.
1391 2749 1396 2754 ,
1615 2700 1714 2749 265

24 2824 27 2826 ,
119 2769 242 2823 Pan
263 2771 384 2821 mihi
404 2771 535 2836 pacis
557 2772 647 2821 erit
668 2771 886 2821 dextram
907 2771 1127 2835 tetigisse
1147 2769 1364 2836 tyranni.

122 2833 224 2889 Vo·
244 2839 414 2890 contra
432 2837 538 2905 regi
558 2853 667 2889 mea
685 2853 814 2889 nunc
835 2837 1063 2889 mandata
1082 2836 1273 2889 referte.

117 2978 141 3026 χ
192 3006 196 3013 ,
