1988 3034
34 288 41 348 ἶ
78 298 178 348 vix
194 298 403 359 hostem,
424 296 599 348 alterni
618 296 661 346 si
681 295 1063 362 congrediamur,
1084 295 1334 346 habemus.

28 352 42 428 ,ἶ
79 364 176 416 Ino
195 364 389 428 quidem
410 363 472 413 ad
492 380 701 428 superos,
724 379 929 428 quorum
951 380 1002 412 se
1024 363 1229 412 devovet
1250 361 1360 426 aris,

28 424 41 496 ξ
80 428 312 481 Sueeedet
332 430 475 490 fama,
496 430 727 494 vivusque
748 446 833 493 per
854 446 939 478 ora
958 430 1168 478 feretur:
1579 425 1680 486 235

28 497 40 533 '⁴
77 496 202 556 Nos,
223 497 383 561 patria
402 496 588 554 amissa,
610 495 816 544 dominis
838 512 1001 559 parere
1023 494 1237 559 superbis

25 622 37 628 ,Ι
81 561 334 627 Cogemur,
356 562 440 625 qui
459 579 589 611 nuno
609 561 731 611 lenti
752 561 1051 611 consedimus
1074 558 1249 609 arviS.’'

34 641 37 645 ⁴
79 626 276 677 Talibus
297 628 491 677 incensa
511 630 586 676 est
599 628 837 692 juvenum
859 626 1099 676 sententia
1120 625 1262 675 dietis

30 727 35 756 3
70 692 199 743 ⁴Jam
218 694 373 758 magis
394 697 540 758 atque
561 693 744 757 magis;
778 693 1018 757 serpitque
1039 709 1125 756 per
1146 690 1340 756 agmina
1360 706 1589 740 murmur.

79 756 188 824 Ipsi
206 759 472 810 Laurentes
493 760 687 819 mutati,
707 759 892 823 ipsique
914 758 1080 807 Latini
1095 779 1108 806 ε
1584 755 1685 805 240

32 829 34 834 “
70 824 179 886 Qui
197 825 289 873 sibi
301 826 406 890 jam
426 825 639 888 requiem
658 840 835 888 pugnae
854 825 1088 886 rebusque
1110 822 1315 871 salutem

79 889 359 956 Spei-abant,
381 907 511 939 nune
532 906 667 939 arma
685 889 873 948 volunt,
895 889 1143 951 foedusque
1164 889 1420 952 precantur

28 977 32 992 ν
79 954 339 1016 Infectam,
361 959 413 1005 et
434 956 589 1004 Turni
610 957 791 1004 sortem
811 954 1100 1004 miserantur
1121 954 1352 1018 iniquam.

34 1054 37 1058 -
78 1019 178 1071 His
201 1021 331 1071 aliud
350 1021 506 1086 majus
528 1021 744 1070 Juturna
765 1021 1000 1086 adjungit,
1023 1023 1074 1069 et
1097 1019 1198 1068 alto

31 1096 37 1151 j
77 1085 185 1138 Dat
208 1088 403 1153 signum
424 1088 572 1147 eoelo3
606 1104 701 1150 quo
721 1104 821 1136 non
841 1086 1122 1151 praesentius
1144 1084 1300 1134 ullum
1587 1084 1687 1134 245

28 1183 33 1203 .=
78 1151 316 1203 Tarbavit
336 1156 523 1203 mentes
545 1153 713 1213 Italas,
734 1155 1045 1217 monstroque
1066 1151 1251 1201 fefellit.

28 1227 33 1231 '
78 1217 305 1284 Namque
326 1219 492 1268 volans
513 1219 659 1269 rubra
677 1219 838 1268 fulvus
861 1218 898 1266 J
899 1219 1000 1268 ovis
1023 1218 1119 1267 ales
1141 1217 1194 1266 in
1215 1216 1371 1266 aethra

77 1281 298 1334 In'toreas
321 1286 539 1349 agitabat
560 1301 671 1335 πω
691 1285 980 1347 turbamque
1003 1286 1256 1334 sonantem

29 1411 32 1415 ι
78 1349 305 1417 Agminis
326 1352 520 1416 aligeri3
553 1351 715 1401 subito
737 1367 887 1415 quum
907 1351 1069 1415 lapsus
1091 1350 1153 1399 ad
1173 1350 1327 1400 undas
1606 1383 1609 1386 -

79 1413 301 1483 Cycnum
321 1417 631 1467 exeellentem
651 1417 852 1483 pedibus
873 1418 1001 1481 rapit
1021 1416 1268 1480 improbus
1290 1414 1442 1466 uncis.
1588 1413 1690 1464 250

26 1490 32 1507 ²
79 1481 313 1533 Arrexere
333 1483 518 1533 animos
541 1483 672 1543 Itali,
695 1485 975 1547 eunctaeque
995 1482 1212 1532 volucres

80 1545 385 1599 Convertunt
406 1549 612 1599 elamore
632 1550 813 1615 fugam,
835 1548 1050 1598 mirabile
1070 1548 1193 1609 visu,

78 1612 378 1680 AEtheraqne
398 1615 657 1665 obscurant
677 1615 864 1681 pennis,
885 1615 1169 1678 hostemque
1191 1629 1276 1678 per
1298 1628 1435 1663 auras

80 1677 236 1731 Pacta
255 1681 383 1731 nube
403 1684 657 1746 premunt:
692 1682 842 1731 donee
862 1680 914 1728 vi
934 1680 1091 1740 vietis,
1114 1682 1165 1728 et
1186 1680 1291 1743 ipso

81 1742 299 1798 Pandere
321 1747 509 1808 defecit,
530 1748 836 1812 praedamque
857 1762 916 1795 ex
937 1746 1184 1810 unguibus
1207 1745 1305 1802 ales
1589 1742 1691 1805 256

12 1833 13 1840 ¹
81 1809 293 1879 Projeeit
313 1812 476 1873 fluvio,
498 1814 784 1878 penitusque
804 1813 857 1862 in
878 1812 1044 1863 nubila
1063 1812 1212 1876 sugit.

9 1919 11 1923 ,
81 1874 212 1927 'I'um
230 1895 344 1955 vero
366 1880 623 1944 augurium
645 1879 822 1929 Rutuli
843 1878 1048 1929 clamore
1069 1878 1302 1954 salutant,

81 1941 378 2070 ma
392 1961 691 2071 ἶῖῗῖἒιῖᾔν
705 1944 1479 2076 ῙῖῃᾚιῗῖῗζᾶἓῖἒζὲῗθῗῇἕῬ

80 2074 294 2153 Accipio,
316 2093 615 2142 agnoscoque
637 2077 777 2127 deest
811 2093 904 2135 me,
927 2091 1005 2126 me
1027 2076 1147 2124 duee
1169 2076 1349 2124 serrum
1588 2073 1692 2136 260

22 2172 27 2179 ·
81 2138 335 2206 Con-rpite,
357 2159 388 2191 o
408 2142 584 2203 miseri,
606 2158 726 2206 quos
746 2141 991 2206 improbus
1013 2142 1196 2191 advena
1216 2139 1344 2191 bello

22 2220 26 2228 ⁴
81 2205 310 2266 Ter-litat,
331 2207 563 2257 invalidas
583 2211 643 2256 ut
664 2224 774 2258 aves
795 2210 847 2258 et
868 2207 1012 2257 litora
1032 2210 1194 2257 vestra

80 2270 149 2322 Vi
167 2289 231 2337 po
262 2273 382 2323 ulat.
450 2273 597 2323 Petet
616 2274 696 2324 ille
717 2273 898 2339 fugam,
920 2273 1205 2338 penitusque
1227 2270 1463 2338 profundo

18 2360 23 2372 Δ
81 2335 204 2389 Vela
283 2339 373 2389 bit.
442 2338 542 2389 Vos
562 2340 779 2390 unanimi
801 2340 998 2389 densate
1020 2342 1234 2389 catervas

11 2418 22 2443 ·“
82 2402 157 2455 Bt
174 2421 338 2470 regem
360 2405 495 2455 vobis
517 2422 683 2471 pugna
702 2405 943 2456 defendite
964 2406 1208 2470 raptum.”
1590 2401 1689 2453 266

14 2503 18 2506 -
82 2466 239 2532 Dixit,
261 2474 314 2520 et
335 2471 555 2521 adversos
575 2472 731 2521 ‘aelum
753 2471 988 2522 contorsit
1008 2472 1062 2520 in
1083 2472 1247 2521 hostes

13 2554 36 2578 ’.
83 2533 401 2598 Procurrens3
434 2538 649 2587 sonitum
671 2538 756 2587 dat
777 2537 984 2587 stridula
1005 2554 1191 2598 cornus,
1214 2538 1265 2586 et
1288 2550 1425 2586 auras

12 2646 16 2654 ,
84 2599 231 2652 Certa
250 2606 394 2652 seeat.
462 2603 618 2653 Simul
639 2603 746 2664 hoe,
768 2603 913 2653 simul
933 2603 1103 2668 ingens
1126 2603 1318 2665 elamor,
1339 2603 1391 2652 et
1413 2614 1577 2652 omnes

83 2665 291 2718 Turbati
312 2668 464 2731 cunei,
486 2669 806 2734 calefactaque
828 2669 971 2719 corda
991 2669 1224 2719 tumultu.

83 2730 247 2784 Hasta
266 2734 447 2797 volam,
466 2738 527 2786 ut
546 2736 673 2786 forte
694 2753 867 2786 novem
887 2735 1206 2800 pulcherrima
1226 2735 1434 2787 fratrum
1590 2731 1691 2786 2'70

86 2797 296 2866 Corpora
317 2801 635 2853 constiterant
656 2806 839 2862 contra,
894 2817 981 2852 uos
1002 2801 1099 2851 fida
1119 2804 1304 2853 crearat

12 2941 18 2948 ·
84 2862 203 2921 Una
217 2868 300 2919 tot
319 2866 527 2920 Areadio
547 2868 722 2936 conjux
743 2819 995 2935 Tyrrffiena
1016 2867 1213 2935 Gylipo,
