1988 3034
805 152 851 187 1³.
878 149 1114 188 menn
1136 148 1374 187 morus

287 271 513 335 Namque
535 271 594 320 ut
616 268 676 320 ab
698 267 926 318 Evandro
949 269 1116 318 castris
1137 268 1378 334 ingressus
1399 268 1595 333 Etrueis

291 337 477 399 Regem
499 337 615 395 adit,
637 339 688 385 et
709 336 813 399 regi
834 338 1068 384 memorat
1089 352 1356 399 nomenque
1378 351 1636 400 genusque,

289 402 476 461 Quidve
497 405 646 466 petat,
670 402 842 466 quidve
864 402 964 465 ipse
985 403 1135 462 ferat3
1169 402 1441 450 Mezentius
1464 418 1596 450 arma

289 468 407 527 Quae
429 468 519 516 sibi
542 469 757 526 concilet,
779 468 1079 531 violentaque
1099 470 1294 532 pectora
1315 467 1481 528 Turni,

289 534 506 592 Edoeet3
539 534 760 582 humanis
783 551 887 597 quoe
910 535 975 581 sit
997 535 1171 581 fiducia
1191 535 1332 582 rebus

1785 403 1878 467 150

289 600 548 658 Admonet,
571 600 900 663 immiscetque
922 616 1096 662 preces.
1165 599 1316 647 Haud
1337 600 1397 647 fit
1418 615 1553 648 mora
1566 619 1579 661 3
1613 598 1829 658 Tarchon

288 664 326 713 J
329 665 470 728 ungit
493 682 618 729 opeS‚
642 667 888 728 foedusque
910 666 1049 723 ferit3
1083 667 1192 712 tum
1214 665 1360 712 libera
1377 666 1467 714 sati

290 730 501 779 Classem
525 732 798 779 conscendit
814 731 960 794 jussis
983 748 1100 795 gens
1123 731 1281 794 Lydia
1302 731 1482 794 divum,

289 796 507 845 Externo
531 798 782 845 commissa
803 797 926 845 duci.
996 797 1168 844 AEneia
1190 796 1362 860 puppis

289 861 454 911 Prima
475 865 625 921 tenet,
648 866 803 911 rostro
827 863 1067 926 Phrygios
1089 862 1344 925 subjuncta
1363 862 1550 923 leones:

289 927 638 982 Imminet'Ida
659 946 813 992 super,
835 929 1049 992 profugis
1071 928 1345 991 gratissima
1366 927 1574 976 Teucris.

288 993 390 1042 Hie
411 1011 615 1058 magnus
638 996 770 1043 sedet
793 995 983 1051 AEneas,
1007 1010 1259 1068 secumque
1280 994 1471 1042 volutat
1532 1005 1536 1008 ’

287 1035 520 1115 Eventus
533 1061 643 1108 belli
664 1061 847 1118 varios3
882 1032 1131 1122 Pallasque
1153 1059 1348 1108 sinistro

286 1125 474 1174 Affixus
496 1126 669 1175 lateri
649 1143 752 1190 Jam
775 1125 946 1189 quaerit
967 1125 1133 1183 sidera,
1157 1141 1312 1188 opacae

287 1190 463 1240 Noctis
486 1192 591 1250 iter,
607 1191 711 1255 jam
734 1208 838 1255 quoe
861 1208 1026 1255 passus
1049 1194 1268 1253 terraque
1289 1189 1516 1253 marique.

357 1257 564 1306 Pandite
586 1275 713 1306 nunc
737 1258 986 1314 Helicona,
1011 1258 1123 1314 deae,
1148 1259 1410 1321 cantusque
1432 1257 1636 1317 movete,

289 1324 408 1382 Quae
431 1341 600 1372 manus
622 1324 805 1372 interea
825 1323 990 1371 Tuscis
1013 1323 1270 1370 comitetur
1292 1323 1352 1370 ab
1374 1322 1468 1381 oris

287 1390 490 1448 AEnean,
514 1393 760 1451 armetque
782 1392 924 1447 rates,
947 1389 1208 1452 pelagoque
1230 1378 1448 1436 vehatur.

355 1455 592 1504 Massicus
615 1460 762 1504 aerata
782 1455 1000 1518 princeps
977 1459 1152 1502 ssecat
1178 1470 1368 1517 oequora
1387 1452 1536 1518 tigri.

289 1522 389 1570 Sub
413 1539 506 1585 quo
529 1522 659 1570 mille
682 1539 851 1569 manus
867 1521 1116 1584 juvenum,
1141 1520 1223 1595 qui
1245 1519 1422 1568 moenia
1429 1493 1591 1578 Clusi,

289 1588 476 1650 Quique
498 1588 664 1636 urbem
686 1587 864 1649 liquere
887 1586 1060 1634 Cosas:
1096 1586 1228 1648 queis
1251 1586 1360 1644 tela,
1385 1581 1592 1660 sagittae

289 1653 557 1716 Gorytique
579 1653 705 1701 leves
727 1653 938 1700 humeris
961 1655 1011 1700 et
1033 1652 1190 1699 letifer
1212 1668 1363 1699 arcus.

290 1717 402 1766 Una
423 1722 589 1766 torvus
612 1719 768 1766 Abas:
804 1718 917 1765 huic
938 1720 1102 1765 totum
1123 1717 1389 1779 insignibus
1413 1716 1557 1765 armis

289 1785 496 1847 Agmen,
520 1787 570 1831 et
594 1786 759 1831 aurato
782 1783 997 1846 fulgebat
1019 1782 1241 1845 Apolline
1262 1783 1450 1854 puppis

291 1849 548 1897 Sexcentos
571 1850 642 1896 illi
665 1849 859 1896 dederat
883 1849 1149 1911 Populonia
1170 1848 1344 1895 mater

289 1915 529 1978 Expertos
551 1915 699 1962 belli
679 1931 907 1978 Juvenes;
942 1917 1018 1961 ast
1040 1913 1147 1961 Ilva
1167 1915 1410 1962 trecentos

290 1980 472 2039 Insula,
495 1981 790 2029 inexhaustis
815 1979 1085 2043 Chalybum
1107 1995 1335 2055 generosa
1356 1977 1580 2027 metallis.

290 2045 498 2105 TertiuS,
522 2047 600 2094 ille
623 2047 873 2094 hominum
896 2046 1152 2108 divumque
1174 2044 1408 2109 interpres
1430 2045 1619 2114 Asylas,

291 2112 383 2160 Cui
407 2085 642 2176 pecudum
665 2113 797 2160 fibrae
821 2111 929 2160 coeli
951 2112 1029 2160 cui
1050 2111 1204 2159 sidera
1223 2113 1410 2175 par'ent,

290 2178 363 2226 Et
385 2178 561 2241 linguae
582 2179 844 2236 voluerum,
867 2180 918 2226 et
940 2177 1146 2241 praesagi
1167 2176 1417 2224 fulminis
1402 2191 1554 2242 ignes,

292 2243 431 2292 Mille
452 2244 579 2306 rapit
602 2244 770 2291 densos
793 2244 891 2291 acie
914 2247 1057 2306 atque
1078 2243 1385 2290 horrentibus
1406 2239 1574 2291 11331313.

291 2309 402 2358 Ηο3
424 2325 586 2373 parere
600 2309 776 2372 jubent
797 2309 996 2372 Alpheae
1019 2309 1078 2356 ab
1102 2308 1284 2370 origine
1307 2307 1447 2366 Pisae,

291 2374 424 2423 Urbs
447 2375 654 2423 Etrusca
676 2375 790 2423 solo.
859 2374 1083 2437 Sequitur
1104 2373 1450 2437 pulcherrimus
1472 2372 1638 2432 Astur,

293 2441 447 2489 Astur
469 2457 590 2503 equo
612 2440 763 2488 fidens
785 2442 836 2488 et
857 2439 1217 2488 versicoloribus
1240 2438 1398 2496 armis.

292 2506 585 2555 Tercentum
607 2507 850 2570 adjiciunt,
872 2522 1006 2554 mens
1029 2505 1250 2554 omnibus
1271 2515 1368 2552 una
1390 2503 1630 2580 3331133111,

269 2608 272 2610 -
294 2571 391 2630 Qui
413 2571 595 2620 Caerete
617 2573 772 2632 domo,
795 2571 879 2634 qui
899 2573 1014 2619 sunt
1036 2569 1304 2619 Minionis
1289 2587 1341 2617 111
1363 2568 1579 2631 arvis,

294 2637 366 2684 Et
390 2637 542 2700 Pyrgi
563 2641 759 2696 veteres,
781 2638 1172 2701 intempestaeque
1194 2635 1447 2684 Graviscae.

362 2702 478 2750 Non
500 2719 589 2766 380
610 2707 676 2761 13,
699 2676 935 2768 Ligurum
958 2704 1129 2751 ductor
1148 2701 1404 2750 fortissime
1423 2701 1562 2764 bello,

296 2767 599 2826 Tiansierim,
623 2741 814 2831 Cinyra,
838 2772 888 2818 et
910 2770 1071 2832 paucis
1094 2767 1319 2817 comitate
1342 2766 1551 2834 cupam,

298 2831 445 2897 Cujus
469 2806 658 2885 olorinae
681 2850 761 2885 3111
761 2838 887 2902 gunt
909 2836 967 2886 de
989 2834 1165 2887 vertice
1187 2847 1384 2901 pennoe.

1782 730 1879 797 155

1787 1058 1881 1127 teo

1786 1388 1881 1455 135

1785 1715 1884 1767 170

1787 2046 1884 2117 175

1789 2373 1884 2440 rgo

1719 2701 1722 2702 ⁷
1785 2703 1882 2755 185
