1988 3034
690 215 734 250 P.
758 212 994 252 VIRGILII
1015 212 1255 252 mnoms

178 329 252 382 Et
274 330 311 379 J
312 348 407 380 uno
429 329 726 381 allacrimans
746 351 756 380 ε
793 335 822 376 “
838 332 965 392 Quid
986 333 1041 394 si,
1065 334 1192 396 quod
1213 349 1328 384 voce
1349 336 1574 399 gravaris,

178 396 351 446 Mente
374 398 507 446 dares
526 418 538 457 3
571 400 716 461 atque
737 397 842 446 hoec
865 398 1029 447 Turno
1050 402 1158 447 rata
1177 399 1282 448 vita
1302 404 1516 450 maneret
1534 401 1558 450 Ρ

177 461 233 511 N
233 479 326 511 unc
349 466 513 512 manet
534 464 774 512 insontem
797 465 955 527 gravis
979 465 1163 513 exitus:
1199 468 1285 513 aut
1307 483 1396 529 ego
1418 467 1519 516 veri

178 527 317 577 Vana
337 529 474 577 feror.
544 530 684 589 Quod
705 532 763 577 ut
785 547 814 578 o
836 531 996 594 potius
1018 531 1269 579 formidine
1291 533 1411 580 falsa

177 593 355 654 Ludar,
378 597 428 643 et
450 595 500 642 in
522 596 691 643 melius
713 598 814 654 tua,
838 596 920 659 qui
941 599 1092 659 potes,
1116 614 1222 645 orsa
1242 598 1455 646 reflectas
1470 598 1481 647 1
1498 596 1528 620 ''

178 659 301 708 Haec
323 661 407 708 ubi
429 661 559 709 dicta
579 662 726 720 dedit,
750 661 870 709 coelo
893 678 942 709 se
963 665 1190 725 protenus
1214 663 1313 711 alto

178 724 335 785 Misit,
358 743 503 790 agens
525 727 732 775 hiemem
755 727 918 775 nimbo
943 728 1184 776 succincta
1204 745 1289 792 per
1311 745 1448 778 auras
1466 749 1480 791 3

178 790 467 856 Iliacamque
489 793 636 841 aciem
659 796 709 841 et
732 793 993 842 Laurentia
1013 796 1169 842 castra
1189 794 1379 857 petivit.

177 857 307 906 Tum
329 858 416 906 dea
437 860 563 906 nube
586 876 700 907 cava
721 862 918 907 tenuem
940 860 1041 908 sine
1062 860 1242 908 viribus
1265 862 1483 910 umbram

177 922 242 971 In
262 923 431 972 faciem
453 924 633 983 AEneae,
657 925 765 972 visu
785 925 999 973 mirabile
1021 928 1306 986 monstrum,

176 988 431 1037 Dardaniis
454 993 594 1038 ornat
615 990 724 1038 telis
744 1011 756 1049 ;
790 991 1085 1054 clipeumque
1099 992 1334 1055 jubasque

176 1052 346 1103 Divini
367 1056 614 1104 assimulat
636 1056 804 1119 capitis
821 1076 832 1111 ς
867 1057 952 1103 dat
972 1057 1133 1104 inania
1153 1059 1298 1106 verba
1319 1077 1330 1117 ;

175 1118 279 1169 Dat
302 1121 402 1170 sine
424 1124 586 1170 mente
609 1138 793 1181 sonum,
817 1138 1097 1186 gressusque
1119 1123 1306 1187 effingit
1327 1121 1514 1178 euntis:

176 1184 342 1235 Morte
364 1188 497 1235 obita
519 1188 678 1250 quales
701 1188 828 1235 fama
849 1190 924 1235 est
945 1188 1146 1236 volitare
1169 1189 1364 1253 figuras,

175 1252 281 1300 Aut
303 1269 410 1315 quae
431 1254 611 1316 sopitos
634 1253 868 1301 deludunt
891 1254 1076 1301 somnia
1097 1270 1277 1303 sensus.

175 1318 247 1365 At
269 1319 444 1381 primas
467 1320 578 1367 laeta
601 1321 712 1367 ante
735 1319 857 1367 acies
880 1320 1089 1367 exsultat
1110 1320 1286 1386 imago,

175 1382 439 1446 Irritatque
461 1385 619 1432 virum
640 1385 764 1443 telis,
788 1388 838 1432 et
859 1402 975 1434 voce
997 1386 1198 1434 lascssit.

174 1448 339 1498 Instat
362 1451 438 1497 cui
461 1451 666 1509 Turnus,
691 1450 1066 1514 stridentemque
1088 1452 1272 1501 eminus
1294 1451 1484 1506 hastam

175 1514 412 1578 Conjicit;
445 1516 527 1563 illa
548 1517 661 1564 dato
683 1517 830 1564 vertit
852 1518 1057 1581 vestigia
1077 1521 1230 1582 tergo.

173 1580 298 1628 Tum
319 1598 430 1629 vero
454 1582 640 1629 AEnean
664 1599 881 1630 aversum
902 1586 960 1630 ut
983 1583 1146 1632 cedere
1169 1584 1362 1632 Turnus

174 1645 403 1706 Credidit,
428 1650 570 1709 atque
594 1648 751 1695 animo
775 1665 906 1711 spem
923 1649 1144 1696 turbidus
1166 1650 1329 1698 hausit
1349 1650 1540 1700 inanem
1561 1670 1571 1699 :

174 1713 202 1736 “
218 1711 324 1770 Quo
346 1712 487 1775 fugis,
511 1712 665 1760 AEnea
683 1712 707 1761 ἓ
740 1714 978 1762 thalamos
1002 1731 1061 1762 ne
1084 1716 1243 1763 desere
1265 1718 1430 1778 pactos
1449 1736 1461 1766 ε

173 1775 286 1825 Hac
308 1777 500 1826 dabitur
523 1778 690 1826 dextra
709 1779 854 1826 tellus
878 1780 1078 1840 quaesita
1098 1797 1182 1845 per
1203 1781 1405 1828 undas.''

173 1841 312 1890 Talia
331 1843 591 1891 vociferans
615 1844 842 1906 sequitur,
867 1845 1183 1907 strictumque
1205 1848 1426 1894 coruscat

172 1906 485 1968 Mucronem3
519 1925 606 1957 nec
627 1909 749 1957 ferre
770 1910 902 1958 videt
924 1926 1011 1957 sua
1031 1911 1207 1973 gaudia
1227 1914 1417 1961 ventos.

172 1973 323 2022 Forte
344 1975 462 2023 ratis
485 1974 596 2023 celsi
619 1975 874 2038 conjuncta
893 1975 1131 2039 crepidine
1153 1977 1256 2025 saxi

168 2038 420 2104 Expositis
441 2041 604 2088 stabat
627 2041 778 2100 scalis,
800 2043 851 2089 et
873 2045 1022 2104 ponte
1042 2044 1211 2105 parato
1229 2063 1244 2103 3

171 2104 280 2164 Qua
299 2121 383 2154 rex
405 2105 612 2168 Clusinis
634 2107 855 2155 advectus
879 2107 1071 2155 Osinius
1093 2108 1204 2157 oris.

170 2169 290 2220 Huc
313 2188 412 2220 sese
433 2172 621 2236 trepida
642 2172 805 2222 AEneae
820 2173 1050 2236 fugientis
1071 2174 1232 2239 imago

172 2235 381 2301 Conjicit
401 2237 454 2285 in
475 2238 680 2287 latebras
698 2258 710 2298 3
743 2255 831 2288 nec
853 2239 1046 2287 Turnus
1068 2241 1258 2304 segnior
1276 2237 1430 2289 instat
1449 2261 1460 2302 3

170 2302 534 2367 Exsuperatque
555 2319 726 2362 moras,
749 2307 800 2351 et
821 2306 993 2367 pontes
1013 2306 1225 2353 transilit
1245 2304 1383 2358 altos.
1456 2307 1463 2310 ’

170 2366 268 2417 Vix
288 2384 479 2432 proram
500 2369 757 2431 attigerat:
792 2370 975 2434 rumpit
998 2370 1222 2419 Saturnia
1243 2370 1422 2432 funem,

170 2431 494 2498 Auulsamque
515 2435 643 2497 rapit
663 2435 880 2483 revoluta
899 2451 983 2498 per
1004 2452 1192 2499 aequora
1211 2434 1396 2485 navem.
1418 2436 1421 2437 ⁷
1476 2448 1479 2452 '

170 2499 322 2548 Illum
343 2503 504 2549 autem
522 2500 698 2549 AEneas
720 2501 965 2552 absentem
985 2501 1036 2549 in
1058 2501 1222 2566 proelia
1242 2502 1397 2566 poscit
1416 2522 1429 2563 ;

172 2564 329 2614 Obvia
348 2566 506 2615 multa
526 2566 684 2614 virum
706 2566 923 2616 demittit
946 2583 1141 2633 corpora
1161 2567 1322 2617 morti.

171 2629 302 2678 Tum
321 2631 438 2679 levis
459 2632 590 2679 haud
611 2632 739 2680 ultra
760 2632 966 2681 latebras
979 2633 1083 2697 jam
1105 2633 1276 2697 quaerit
1297 2631 1472 2703 imago,

171 2695 269 2744 Sed
290 2696 491 2744 sublime
511 2698 677 2746 volans
698 2698 815 2746 nubi
837 2714 888 2746 se
908 2698 1171 2748 immiscuit
1193 2702 1341 2748 atrae:

172 2760 335 2819 Quum
357 2761 576 2810 Turnum
597 2763 753 2811 medio
774 2764 957 2812 interea
977 2763 1072 2813 fert
1093 2781 1279 2829 aequore
1299 2765 1461 2818 turbo.

171 2824 393 2889 Respicit
412 2826 607 2890 ignarus
628 2845 801 2887 rerum,
822 2830 1133 2893 ingratusque
1155 2830 1335 2887 salutis,

171 2888 247 2942 Et
267 2890 478 2959 duplices
500 2908 610 2943 cum
631 2910 747 2946 voce
768 2910 938 2946 manus
960 2896 1023 2946 ad
1042 2896 1196 2948 sidera
1215 2896 1402 2948 tendite

1663 468 1763 518 630

1665 796 1763 845 635

1665 1125 1765 1175 640

1664 1453 1761 1502 645

1663 1783 1762 1834 650

1664 2110 1760 2166 655

1661 2439 1761 2505 660

1661 2735 1769 2834 eea

1976 2515 1988 3034 m12-.mu.=.—32·½.-=a.wfflfi..——n
1984 2487 1988 2492 .
1978 2358 1988 2462 '‘f-..nan
1981 2322 1988 2335 ι.
