1988 3034
764 169 1002 210 mmos
1025 171 1131 209 LIB-
1154 171 1228 209 11.

200 291 275 342 At
294 307 394 342 non
414 290 697 341 Evandrum
718 293 846 356 potis
868 295 944 342 est
964 292 1038 342 vis
1060 292 1159 342 ulla
1178 293 1369 352 tenere;

199 359 296 408 Sed
315 359 452 408 venit
472 359 525 407 in
545 359 741 408 medioS.
810 359 1009 408 Feretro
1032 359 1254 408 Pallanta
1272 360 1465 424 reposto

201 422 467 475 Procubuit
488 441 643 489 super,
665 428 810 488 atque
831 425 982 474 haeret
997 426 1342 489 lacrimansque
1363 441 1665 491 gemensque,
1691 423 1787 476 150

199 490 274 539 Et
293 491 373 540 via
392 491 475 539 vix
494 492 693 540 tandem
712 491 820 540 voci
839 492 1001 540 laxata
1021 491 1182 540 dolore
1204 495 1279 540 est
1298 512 1310 540 ι

199 560 229 583 “
242 557 360 606 Non
380 557 498 617 haec,
520 574 550 606 o
572 558 722 616 Palla,
745 558 940 606 dederas
961 558 1194 622 promissa
1213 558 1417 622 parenti.

198 622 402 672 Cautius
423 627 482 672 ut
503 639 633 672 saevo
655 623 799 672 velles
820 627 872 672 te
894 624 1081 673 credere
1104 624 1285 672 Marti!

198 688 351 738 Haud
370 690 566 754 ignarus
588 706 732 749 eram,
755 692 990 752 quantum
1011 706 1138 738 nova
1158 690 1312 754 gloria
1331 690 1385 739 in
1406 690 1567 752 armis,

198 753 272 804 Et
292 756 527 820 praedulce
549 756 691 805 decus
711 757 867 819 primo
889 756 1148 804 certamine
1169 759 1346 819 posset.
1692 759 1716 808 1
1729 758 1786 807 55

199 819 439 870 Primitiae
453 816 644 886 juvenis
666 822 874 869 miserae!
908 821 1113 884 bellique
1134 822 1389 885 propinqui

197 887 335 936 Dura
355 888 653 936 rudimenta!
688 890 740 935 et
761 887 884 934 nulli
907 888 1131 935 exaudita
1153 887 1351 935 deorum

196 952 329 1002 Vota
347 969 599 1018 precesque
621 954 766 1001 meae!
799 955 965 1017 tuque,
988 969 1018 1001 o
1040 953 1339 1001 sanctissima
1361 953 1550 1017 conjux,

197 1018 337 1068 Felix
358 1022 513 1068 morte
534 1023 636 1078 tua,
658 1035 811 1083 neque
831 1019 882 1066 in
906 1019 1035 1067 hunc
1058 1022 1246 1068 servata
1267 1019 1507 1069 dolorem!

194 1083 379 1134 Contra
399 1102 489 1150 ego
510 1086 714 1134 vivendo
735 1085 830 1134 vici
851 1101 959 1133 mea
978 1086 1093 1145 fata,
1116 1089 1355 1150 superstes
1692 1088 1791 1137 160

195 1150 449 1201 Restarem
470 1155 530 1200 ut
551 1152 755 1216 genitor.
825 1151 1006 1200 Troum
1029 1151 1157 1201 socia
1178 1168 1310 1200 arma
1331 1154 1553 1201 secutum

194 1217 466 1267 Obruerent
488 1217 665 1267 Rutuli
685 1218 822 1266 telis!
858 1218 1067 1267 animam
1087 1218 1189 1282 ipse
1211 1218 1460 1278 dedissem,

194 1284 360 1349 Atque
380 1284 482 1333 haec
502 1300 679 1348 pompa
699 1285 896 1333 domum
918 1301 1010 1344 me,
1032 1301 1131 1333 non
1156 1284 1392 1343 Pallanta,
1415 1284 1612 1334 referret
1631 1287 1642 1334 ἔ

194 1349 302 1399 Nec
324 1366 411 1399 vos
433 1351 686 1415 arguerim,
709 1350 896 1410 Teucri,
919 1367 1006 1400 nec
1028 1351 1219 1410 foedera,
1242 1367 1330 1399 nec
1353 1367 1470 1414 quas

196 1415 456 1465 Junximus
478 1417 688 1481 hospitio
711 1417 930 1475 dextras;
965 1434 1066 1466 sors
1087 1417 1183 1464 ista
1204 1419 1407 1466 senectae
1690 1419 1787 1468 165

195 1482 376 1532 Debita
396 1486 500 1531 erat
521 1487 712 1532 nostrae.
782 1483 923 1542 Quod
945 1483 986 1531 si
1006 1484 1268 1532 immatura
1289 1482 1515 1533 manebat

193 1547 333 1598 Mors
354 1552 541 1610 natum,
564 1549 701 1598 caesis
723 1549 1005 1597 Volscorum
1028 1549 1239 1597 millibus
1263 1552 1390 1607 ante,

193 1614 467 1665 Ducentem
487 1616 540 1663 in
562 1615 760 1663 Latium
783 1615 991 1664 Teucros
1015 1615 1237 1664 cecidisse
1252 1614 1460 1679 juvabit.

192 1680 321 1740 Quin
344 1698 435 1746 ego
457 1698 554 1731 non
577 1682 671 1730 alio
692 1681 862 1745 digner
883 1685 935 1730 te
957 1682 1138 1740 funere,
1162 1681 1314 1741 Palla,

191 1746 349 1807 Quam
370 1748 477 1812 pius
500 1748 691 1806 AEneas,
713 1751 765 1795 et
787 1764 930 1811 quam
954 1747 1120 1811 magni
1142 1747 1364 1812 Phryges
1387 1750 1438 1796 et
1461 1765 1606 1813 quam
1688 1750 1787 1799 170

190 1812 236 1862 T
269 1813 521 1878 rrhenique
543 1814 700 1873 duces,
723 1813 1031 1878 Tyrrhenum
1054 1814 1288 1862 exercitus
1312 1815 1482 1863 omnis.

252 1895 379 1945 agna
396 1883 582 1945 tropaea
601 1880 777 1939 ferunt,
801 1897 919 1944 quos
943 1880 1028 1928 dat
1049 1882 1138 1928 tua
1158 1880 1355 1930 dextera
1375 1882 1475 1930 leto
1494 1903 1505 1940 ;

190 1944 269 1994 Tu
291 1962 478 2011 quoque
499 1963 628 1995 nunc
650 1948 800 1995 stares
822 1946 1045 1994 immanis
1067 1949 1270 1995 truncus
1292 1947 1343 1995 in
1367 1948 1510 1996 armis
1529 1969 1540 2007 ;

190 2010 338 2061 Esset
358 2029 445 2077 par
466 2015 599 2071 aetas,
621 2015 673 2060 et
693 2012 822 2060 idem
844 2013 886 2060 si
906 2013 1052 2061 robur
1074 2013 1134 2060 ab
1156 2012 1308 2072 annis,

189 2075 368 2127 Turne.
435 2078 530 2127 Sed
551 2078 714 2126 infelix
737 2078 946 2126 Teucros
969 2077 1085 2141 quid
1110 2078 1328 2126 demoror
1350 2078 1494 2126 armis
1511 2077 1536 2127 Ρ
1688 2080 1784 2130 175

189 2141 381 2203 Vadite,
403 2147 455 2192 et
478 2144 583 2192 haec
605 2159 838 2192 memores
861 2144 964 2207 regi
985 2144 1216 2192 mandata
1235 2145 1439 2193 referte:

192 2209 333 2269 Quod
354 2210 505 2259 vitam
529 2225 688 2258 moror
709 2209 929 2269 invisam,
953 2209 1175 2259 Pallante
1196 2214 1428 2274 peremto,

190 2274 406 2324 Dextera
426 2292 567 2324 causa
586 2279 675 2324 tua
696 2279 798 2335 est;
832 2275 1054 2324 Turnum
1076 2278 1285 2339 natoque
1306 2277 1529 2341 patrique

190 2340 348 2401 Quam
369 2341 539 2391 debere
559 2342 706 2391 vides.
776 2341 969 2390 Meritis
991 2344 1131 2390 vacat
1153 2341 1232 2390 hic
1254 2342 1348 2391 tibi
1371 2343 1499 2391 solus

189 2405 516 2473 Fortunaeque
537 2407 684 2456 locus.
752 2407 868 2456 Non
891 2408 1005 2456 vitae
1027 2408 1203 2472 gaudia
1224 2425 1397 2471 quaero,
1686 2410 1784 2458 180

188 2472 295 2523 Nec
316 2474 413 2523 fas:
449 2474 533 2523 sed
554 2478 670 2523 nato
692 2489 857 2523 manes
879 2475 1084 2538 perferre
1107 2474 1196 2522 sub
1218 2474 1391 2522 imos.”

254 2541 445 2590 Aurora
465 2541 649 2589 interea
670 2540 854 2588 miseris
878 2540 1160 2587 mortalibus
1184 2539 1359 2587 almam

189 2604 446 2655 Extulerat
467 2606 636 2665 lucem,
659 2607 864 2655 reserens
887 2621 1030 2669 opera
1051 2608 1195 2668 atque
1217 2605 1417 2653 labores.

189 2670 306 2720 Jam
327 2675 464 2736 pater
485 2672 677 2731 AEneas,
693 2672 795 2736 jam
820 2687 964 2720 curvo
987 2671 1038 2718 in
1060 2670 1202 2719 litore
1225 2669 1447 2720 Tarchon

189 2734 495 2787 Constituere
515 2754 686 2803 pyras:
721 2738 815 2786 huc
839 2752 1037 2800 corpora
1057 2736 1257 2800 quisque
1279 2752 1475 2786 suorum
1685 2740 1780 2789 185

190 2801 331 2852 More
350 2803 505 2854 tulere
524 2807 748 2869 patr-urm
781 2803 1100 2867 subjectisque
1123 2801 1315 2866 ignibus
1338 2803 1456 2853 atrio

188 2866 428 2919 conditur
447 2870 500 2920 in
519 2870 742 2920 tenebras
764 2869 918 2919 altum
941 2867 1143 2936 caligine
1166 2867 1356 2918 coelum.
