1988 3034
687 143 928 183 mmos
949 144 1058 183 m·
1077 145 1127 183 Χ.

114 262 1338 327 Μώὶωοὴάωτζάᾳωωὺωωηωωίὓὺο.

115 331 231 381 Ηοο
250 333 416 381 tamen
435 328 602 379 infelix
621 329 847 379 miseram
868 330 1079 380 solabere
1100 333 1338 383 mortem:

114 396 286 448 AEneae
306 395 473 461 magni
492 395 663 446 dextra
682 396 862 445 cadi3.’'
932 396 1159 461 Increpat
1179 397 1311 447 ultro

115 462 412 512 Cunctantes
433 461 600 522 socios,
622 465 675 512 et
694 465 827 511 terra
845 462 1068 512 sublevat
1089 463 1266 528 ipsum,

116 528 357 594 Sanguine
377 530 657 592 turpantem
678 531 865 578 comtos
887 530 947 578 de
968 546 1101 579 more
1122 530 1329 594 capillos.

182 594 377 644 Interea
397 595 588 659 genitor
609 595 823 644 Tiberini
845 596 907 644 ad
928 596 1140 644 fluminis
1161 597 1343 645 undam

118 658 329 710 Vulnera
348 660 556 710 siccabat
575 661 803 726 lymphis,
826 679 1088 727 corpusque
1107 662 1300 711 levabat

115 727 315 777 Arboris
336 726 529 776 acclinis
550 730 740 776 trunco.
807 727 985 776 Procul
1006 744 1129 777 oerea
1148 729 1294 777 ramis

15 796 20 801 '
116 792 372 858 Dependet
391 793 541 858 galea,
564 796 776 869 etprato
797 794 964 869 gravia
984 810 1118 842 arma
1138 794 1408 858 quiescunt,

116 859 264 908 Stant
283 858 397 908 lecti
418 859 598 908 circum
611 875 812 923 juvenes
829 879 843 908 ε
876 875 980 924 ipse
1000 875 1142 924 aeger‚
1163 859 1408 920 anhelans,

116 924 255 974 Colla
273 924 420 985 fovet,
436 925 571 974 fusus
591 941 850 990 propexam
869 925 923 973 in
943 929 1138 989 pectore
1157 926 1355 976 barbam
1373 946 1384 984 3

28 1051 39 1055 ‚
116 990 283 1040 Multa
301 1007 444 1056 super
463 990 624 1040 Isauso
645 992 844 1056 rogitat,
865 992 1170 1056 multumque
1189 992 1418 1051 remittit,

115 1057 213 1119 Qui
231 1060 471 1118 revocent,
492 1058 744 1135 maestique
763 1058 922 1107 ferant
943 1059 1170 1107 mandata
1190 1058 1418 1122 parentis.

0 1193 1 1200 ἵ
23 1175 33 1179 ,
115 1123 190 1173 At
210 1123 426 1173 Lausum
446 1124 564 1174 socii
583 1141 851 1174 exammem
871 1142 1013 1189 super
1034 1141 1168 1173 arma
1187 1126 1406 1174 ferebam:

116 1189 328 1250 Flentes,
348 1190 611 1255 ingentem,
633 1194 778 1255 atque
797 1191 989 1255 ingenti
1009 1191 1211 1251 vulnere·
1226 1191 1427 1240 victum.

115 1256 335 1322 Agnovit
356 1257 499 1322 longe
519 1258 758 1323 gemitum
778 1273 994 1322 presaga
1014 1257 1131 1307 mali
1151 1273 1306 1308 mens.

116 1321 357 1373 Canitiem
377 1323 535 1372 multo
556 1324 792 1373 deformat
813 1324 1021 1387 pulvere,
1044 1326 1095 1373 et
1118 1324 1283 1372 ambas

114 1388 199 1439 Ad
216 1389 392 1439 coelum
412 1390 573 1439 tendit
594 1390 790 1454 palmas,
811 1393 864 1438 et
885 1407 1078 1454 corpore
1099 1390 1319 1439 inhaeret.

116 1457 147 1482 ‘⁸
159 1454 379 1505 Tantane
399 1472 478 1505 me
497 1456 659 1505 tenuit
680 1456 887 1515 vivendi,
908 1459 1037 1516 nate,
1058 1455 1296 1519 voluptas,

18 1538 23 1550 ·
115 1519 200 1586 Up
219 1538 308 1587 pro
327 1537 406 1571 me
426 1522 594 1571 hostili
613 1524 802 1587 paterer
821 1523 1070 1571 succedere
1091 1522 1288 1582 dextrae,

27 1606 32 1614 ·
115 1586 272 1647 Quem
292 1588 439 1653 genui
454 1588 479 1637 Ρ
512 1589 680 1637 Tuane
701 1588 804 1637 haec
826 1588 1018 1653 genitor
1037 1605 1123 1652 per
1142 1589 1342 1637 vulnera.
1362 1602 1538 1649 servor,

15 1684 35 1708 ·„
115 1651 284 1703 Morte
302 1659 391 1703 tua
410 1654 575 1704 vivens
591 1653 616 1703 Ρ
650 1653 781 1713 Heu,
802 1671 932 1703 nunc
953 1654 1126 1703 misero
1147 1654 1270 1702 mihi
1292 1654 1488 1704 demum

122 1719 355 1770 Exsilium
374 1720 565 1770 infelix!
598 1737 728 1769 nunc
750 1720 847 1770 alte
868 1721 1043 1769 vulnus
1065 1720 1318 1769 adactum!

20 1791 30 1851 ᾗ
116 1783 257 1836 Idem
276 1803 383 1852 ego,
403 1790 532 1845 nate,
553 1789 695 1836 tuum
718 1786 953 1836 maculavi
974 1786 1172 1835 crimine
1193 1802 1386 1849 nomen,

117 1850 292 1902 Pulsus
313 1853 376 1903 ob
396 1853 627 1902 invidiam
648 1854 767 1903 solio
789 1853 1082 1917 sceptrisque
1102 1853 1331 1917 paternis.

0 1934 5 1980 ’ς
20 1960 41 1978 „⁷
117 1916 389 1968 Debueram
411 1920 582 1985 patrioe
601 1935 766 1984 poenas
788 1920 1001 1983 odiisque
1023 1936 1239 1969 meorum
1259 1939 1270 1968 :

0 2006 3 2019 ·
116 1982 298 2034 Omnes
318 2002 403 2062 per
423 1989 603 2035 mortes
624 1987 834 2035 animam
858 1990 1046 2034 sontem
1066 1986 1168 2049 ipse
1191 1984 1427 2034 dedissem
1447 1981 1458 2033 ἱ

115 2049 264 2101 Nunc
284 2051 422 2101 vivo!
455 2068 609 2116 neque
629 2052 787 2101 adhuc
807 2052 1026 2100 homines
1047 2051 1297 2115 lucemque
1318 2051 1561 2114 relinquo!

115 2115 213 2166 Sed
231 2116 495 2182 linquam.”
565 2118 720 2166 Simul
740 2118 833 2167 hoc
854 2118 1015 2167 dicens
1037 2117 1222 2167 attollit
1243 2118 1295 2166 in
1316 2133 1504 2182 aegrum

116 2181 179 2232 Se
200 2183 385 2243 semur3
417 2186 483 2242 et,
505 2200 794 2248 quamquam
814 2183 888 2232 vis
910 2184 1009 2233 alto
1031 2183 1228 2233 vulnere
1249 2184 1428 2243 tardat,

116 2247 269 2298 Haud
289 2249 499 2315 dejectus
521 2266 697 2313 equum
719 2250 831 2299 duci
845 2250 1001 2315 jubet.
1070 2249 1182 2299 Hoc
1205 2250 1348 2300 decus
1369 2250 1455 2312 illi,

116 2313 231 2365 Hoc
252 2314 463 2366 solamen
485 2320 617 2376 erat3
650 2315 787 2366 bellis
808 2316 900 2366 hoc
921 2318 1078 2366 victor
1099 2317 1265 2366 abibat

0 2391 20 2421 ÷·
115 2378 367 2433 Omnibus.
433 2382 712 2448 Alloquitur
732 2385 1027 2443 merentem,
1049 2385 1102 2432 et
1122 2383 1300 2433 talibus
1321 2383 1461 2433 infit:

0 2475 5 2485 ·
112 2449 147 2477 ‘⁶
159 2445 363 2511 Rhoebo,
384 2448 608 2499 diu—res
630 2449 671 2497 si
694 2466 789 2514 qua
811 2449 895 2498 diu
915 2449 1200 2499 mortalibus
1221 2450 1322 2498 ulla
1343 2452 1487 2499 est-

115 2510 350 2564 Viximm.
415 2516 523 2565 Aut
543 2515 685 2565 hodie
707 2516 864 2564 victor
884 2515 1036 2592 spolia
1055 2516 1141 2565 illa
1161 2518 1363 2565 cruenta

114 2577 188 2628 Et
208 2583 354 2646 caput
374 2580 544 2631 AEneae
563 2582 749 2641 referes,
774 2580 1013 2646 Lausique
1035 2582 1254 2631 dolorum

114 2642 264 2695 Ultor
282 2647 376 2697 eris
395 2663 614 2698 mecumz
648 2650 748 2707 aut,
772 2648 925 2711 aperit
947 2647 989 2695 si
1013 2648 1145 2697 nulla
1164 2648 1293 2696 viam
1316 2647 1406 2708 vis,

113 2709 381 2763 Oeumnbe·
400 2713 593 2779 pariter.
664 2714 836 2778 Neque
856 2714 1000 2772 enim,
1023 2714 1295 2773 fortissime,
1317 2713 1472 2779 credo,

114 2773 266 2827 Juoea
283 2778 438 2829 aliena
457 2780 560 2845 pati
581 2782 633 2830 et
655 2780 872 2829 dominos
896 2780 1152 2843 dignabere
1177 2781 1436 2832 Teucros.'’

114 2841 270 2908 Dixit,
291 2849 343 2898 et
362 2850 589 2915 exceptus
609 2850 750 2917 tergo
773 2854 1001 2897 consueta
1021 2846 1198 2898 locavit

1607 396 1708 448 880

1611 1059 1709 1107 840

1611 1390 1709 1438 845

1609 1721 1712 1769 850

1609 2051 1710 2102 855

1611 2382 1712 2433 860

1607 2714 1707 2765 865
