1988 3034
1979 85 1988 131 1

818 232 863 266 ι’.
886 229 1123 267 ἩΒαῙΗῙ
1145 229 1384 267 maome

264 344 277 358 '
309 350 454 399 Certa
474 350 645 398 referre
666 348 808 409 viros,
831 351 881 398 et
903 349 1031 413 pacis
1054 349 1208 399 dicere
1227 349 1373 415 leges.

373 416 575 464 Postera
595 415 676 463 vix
699 432 908 463 summos
932 416 1187 479 spargebat
1207 417 1386 466 lumine
1408 419 1597 466 montes

307 481 430 530 Orta
451 482 576 541 dies3
612 498 760 545 quum
788 481 998 545 primum
1020 483 1119 530 alto
1141 499 1191 530 se
1213 483 1407 546 gurgite
1427 484 1624 533 tollunt.
1986 547 1988 549 ι

305 547 430 596 Solis
453 548 575 612 equi,
598 548 845 611 lucemque
867 548 1003 596 elatis
1026 548 1218 596 naribus
1240 549 1430 597 efflant:
1798 553 1895 599 115

307 613 544 677 Campum
567 614 628 662 ad
651 616 892 662 certamen
914 630 1100 677 magnae
1123 615 1213 661 sub
1235 615 1473 662 moenibus
1495 616 1627 664 urbis

305 678 528 727 Dimensi
549 679 818 743 Rutulique
840 680 930 727 viri
954 680 1218 743 Teucrique
1240 681 1500 743 parabant;

306 745 370 793 In
391 746 640 809 medioque
661 747 790 794 focos
814 748 864 794 et
887 746 959 793 dis
982 746 1312 794 communibus
1335 764 1438 794 aras

305 811 600 862 GramineaS.
668 812 768 860 Alii
790 813 1066 876 fontemque
1087 812 1342 876 ignemque
1364 813 1595 875 ferebant,

305 875 466 925 Velati
487 878 616 937 limo,
643 880 693 926 et
715 878 920 926 verbena
941 881 1159 941 tempora
1179 878 1347 927 vincti.
1798 882 1898 929 120

305 941 531 991 Procedit
553 944 678 1006 legio
702 944 1016 1003 Ausonidum,
1039 944 1281 1007 pilataque
1302 944 1456 1008 plenis

303 1009 519 1072 Agmina
539 1026 589 1057 se
611 1010 824 1057 fundunt
846 1011 1012 1073 portis.
1081 1010 1214 1058 Hinc
1238 1010 1414 1059 Troius
1437 1011 1591 1060 omnis

305 1073 676 1138 Tyrrhenusque
698 1075 798 1122 ruit
820 1076 961 1123 variis
984 1076 1216 1124 exercitus
1240 1077 1411 1137 armis3

305 1139 457 1188 Haud
478 1158 611 1189 secus
634 1142 859 1189 instructi
881 1142 1018 1200 ferro,
1042 1158 1186 1204 quam
1210 1142 1250 1189 si
1272 1159 1437 1206 aspera
1458 1142 1634 1192 Martis

305 1205 480 1270 Pugna
500 1209 654 1255 vocet.
724 1207 830 1255 Nec
852 1224 950 1255 non
971 1207 1139 1255 mediis
1162 1208 1214 1255 in
1236 1209 1445 1257 millibus
1467 1210 1559 1273 ipsi
1799 1212 1895 1260 125

305 1271 544 1320 Ductores
568 1290 682 1321 auro
703 1273 912 1321 volitant
936 1276 1158 1336 ostroque
1182 1274 1353 1334 decori,

303 1337 376 1386 Et
398 1355 548 1402 genus
571 1339 793 1387 Assaraci
816 1339 1116 1398 Mnestheus,
1141 1342 1191 1387 et
1213 1341 1352 1389 fortis
1375 1339 1565 1404 Asylas‚

303 1403 376 1452 Et
399 1404 651 1468 Messapus
676 1421 850 1468 equum
874 1405 1095 1464 domitor,
1120 1406 1370 1470 Neptunia
1390 1408 1562 1470 proles.

304 1468 472 1533 thue
495 1471 608 1518 dato
631 1471 769 1535 signo
793 1472 948 1534 spatia
969 1472 1020 1518 in
1043 1488 1129 1520 sua
1150 1473 1348 1536 quisque
1370 1473 1579 1533 recessit,

304 1534 540 1600 Refigunt
562 1537 732 1585 tellure
754 1537 931 1596 hastaS,
956 1540 1006 1586 et
1029 1540 1167 1587 scuta
1187 1539 1436 1587 reclinant.
1800 1541 1898 1588 130

304 1601 432 1649 Tum
455 1603 614 1651 studio
638 1603 799 1651 effusae
821 1606 1013 1663 matres,
1038 1607 1088 1652 et
1110 1604 1284 1668 vulgus
1304 1605 1556 1663 inermum,

305 1666 608 1731 Invalidique
632 1686 780 1728 senes,
803 1672 959 1717 turres
983 1673 1033 1718 et
1055 1673 1187 1719 tecta
1208 1671 1458 1719 domorum

305 1733 568 1793 Obsedere3
603 1735 684 1782 alii
705 1735 856 1798 portis
881 1735 1164 1799 sublimibus
1188 1738 1397 1785 adstant.

370 1800 442 1847 At
465 1799 502 1846 J
502 1817 597 1848 uno
622 1817 647 1848 e
671 1818 872 1859 summo,
897 1802 979 1864 qui
1001 1819 1128 1849 nunc
1152 1803 1365 1850 Albanus
1388 1803 1673 1862 habetur,—

305 1864 434 1912 Tum
455 1882 607 1929 neque
630 1883 804 1913 nomen
828 1870 943 1926 erat,
967 1884 1053 1914 nec
1075 1868 1241 1926 honos,
1267 1871 1350 1915 aut
1373 1869 1529 1931 gloria
1550 1867 1704 1916 monti
1720 1895 1773 1904 --
1799 1871 1895 1917 135
1986 1914 1988 1918 .

305 1929 604 1993 Prospiciens
627 1932 815 1979 tumulo
840 1949 1060 1996 campum
1083 1934 1370 1996 aspectabat,
1394 1938 1445 1982 et
1467 1935 1630 1983 ambas

306 1995 606 2044 Laurentum
630 1998 902 2061 Troumque
926 1998 1046 2047 acies
1070 2000 1328 2062 urbemque
1351 1999 1529 2047 Latini.

305 2061 569 2125 Extemplo
589 2063 744 2110 Turni
767 2064 832 2111 sic
857 2067 930 2111 est
954 2065 1099 2112 affata
1121 2082 1342 2125 sororem,

305 2126 434 2175 Diva
456 2129 607 2187 deam,
631 2130 815 2193 stagnis
839 2147 941 2193 quae
965 2131 1334 2194 fluminibusque
1358 2131 1540 2179 sonoris

305 2192 568 2254 Praesidet3
602 2195 731 2243 hunc
753 2195 823 2242 illi
846 2213 928 2244 rex
951 2197 1141 2244 aetheris
1167 2198 1291 2245 altus
1313 2198 1544 2245 honorem
1800 2198 1899 2247 140

307 2258 505 2321 Jupiter
528 2264 690 2324 erepta
711 2278 796 2324 pro
819 2262 1097 2324 virginitate
1121 2263 1324 2311 sacravit
1344 2285 1354 2311 :

305 2326 334 2349 “
349 2324 595 2388 Nympha,
619 2327 759 2374 decus
783 2327 1050 2386 fluviorum,
1075 2329 1233 2376 animo
1257 2329 1529 2393 gratissima
1551 2331 1728 2389 nostro,

306 2389 421 2449 Scis,
445 2394 503 2437 ut
525 2394 576 2438 te
600 2393 783 2439 eunctis
806 2409 965 2451 unam,
990 2410 1301 2457 quaecumque
1325 2395 1512 2442 Latinae

305 2454 610 2519 Magnanimi
633 2457 668 2503 J
671 2458 771 2504 ovis
794 2459 1039 2521 ingratum
1063 2461 1310 2507 ascendere
1333 2461 1499 2518 cubile,

306 2520 624 2582 Praetulerim,
649 2524 846 2587 coelique
869 2524 1035 2572 lubens
1057 2525 1109 2571 in
1130 2529 1265 2588 parte
1287 2526 1481 2573 locarim
1500 2547 1509 2573 τ
1803 2531 1898 2576 145
1986 2567 1988 2570 .

305 2586 450 2635 Disce
471 2590 628 2647 tuum,
651 2606 711 2637 ne
735 2607 811 2638 me
834 2591 1033 2648 incuses,
1058 2591 1093 2637 J
1095 2595 1284 2651 uturna,
1308 2592 1532 2639 dolorem.

308 2652 414 2709 Qua
435 2654 537 2701 visa
554 2658 634 2702 vest
656 2656 849 2703 fortuna
870 2657 987 2719 pati,
1012 2657 1264 2720 Parcaeque
1287 2658 1505 2704 sinebant

308 2717 484 2767 Cedere
505 2737 579 2768 res
603 2720 760 2780 Latio,
785 2722 1002 2769 Turnum
1027 2726 1075 2770 et
1098 2726 1185 2770 tua
1206 2723 1382 2770 moenia
1403 2724 1531 2770 texi:

306 2782 452 2832 Nunc
467 2785 694 2848 juvenem
716 2788 977 2850 imparibus
1000 2789 1137 2836 video
1161 2805 1434 2837 concurrere
1456 2789 1587 2849 fatis,
1986 2824 1988 2838 2

307 2847 658 2914 Parcarumque
682 2853 779 2900 dies
804 2857 854 2901 et
875 2854 948 2902 vis
970 2854 1162 2902 inimica
1183 2855 1486 2918 propinquat.
1799 2859 1899 2909 150
1982 2875 1988 2913 j

305 2912 423 2961 Non
443 2931 654 2978 pugnam
678 2919 881 2982 aspicere
903 2921 1027 2967 hanc
1050 2921 1212 2978 oculis,
1230 2937 1327 2967 non
1350 2921 1526 2969 foedera
1547 2938 1754 2986 possum.

304 2978 396 3034 Tu,
418 2996 506 3034 pro
527 2998 753 3034 germano
777 2985 818 3032 si
840 2986 956 3034 quid
977 2987 1254 3034 praesentius
1278 2987 1436 3034 audes.
