1988 3034
657 179 896 219 mmos
918 180 1026 219 m.
1047 180 1147 218 111.

108 301 221 366 Ipse
243 317 352 350 suas
374 302 516 360 artes,
538 317 625 349 sua
646 317 859 361 munera,
880 301 1026 351 laetus
1047 299 1223 365 Apollo

106 368 382 432 Augurium
403 367 729 431 citharamque
752 368 898 416 dabat
920 368 1184 432 celeresque
1207 365 1426 433 sagittas
1536 395 1538 397 >
1610 419 1613 422 Α

107 433 213 494 Ille,
237 436 296 482 ut
317 433 523 498 depositi
543 434 778 498 proferret
799 435 903 483 fata
922 435 1152 499 parentis,
1602 431 1702 482 395

108 500 239 549 Scire
259 501 525 564 potestates
546 500 804 549 herbarum
825 517 1061 566 usumque
1083 500 1304 550 medendi

108 566 303 626 Maluit,
326 569 378 615 et
399 569 560 615 mutas
582 567 766 631 agitare
786 567 1020 632 inglorius
1043 569 1186 617 artes.

108 632 281 680 Stabat
302 633 473 686 acerba
490 633 712 694 fremens,
734 634 983 698 ingentem
1006 634 1147 683 nixus
1168 634 1221 682 in
1242 634 1448 697 hastam,

109 698 301 758 AEneas,
322 715 501 764 magno
516 700 751 764 juvenum
773 704 825 749 et
846 701 1090 750 maerentis
1114 700 1214 748 Iuli

30 779 47 786 “
107 765 371 825 concursu,
392 765 599 814 lacrimis
620 766 894 815 immobilis.
962 767 1053 815 Ille
1074 768 1259 815 retorto
1604 763 1701 814 40ss

20 882 27 887 ,
108 830 358 880 Paeonium
378 831 431 879 in
452 848 635 880 morem
656 833 813 881 senior
835 832 1105 880 succinctus
1129 832 1326 892 amictu,

108 897 275 946 Multa
294 914 443 946 manu
463 898 647 946 medica
669 898 934 962 Phoebique
956 898 1238 962 potentibus
1261 895 1422 946 herbis

107 963 447 1028 Nequidquam
467 964 695 1028 trepidat,
716 964 1039 1028 nequidquam
1061 963 1244 1028 spicula
1265 963 1435 1012 dextra

108 1029 362 1090 Sollicitat,
383 1034 670 1096 prensatque
692 1031 852 1079 tenaci
873 1031 1052 1095 forcipe
1074 1031 1270 1080 ferrum.

20 1159 34 1165 „
90 1090 261 1145 'Nulla
279 1096 409 1144 viam
430 1096 626 1145 fortuna
646 1097 803 1161 regit3
836 1097 962 1145 nihil
984 1099 1152 1146 auctor
1173 1096 1350 1162 Apollo
1605 1093 1705 1144 405

110 1162 375 1223 Subvenit3
408 1165 460 1212 et
482 1179 635 1211 saevus
657 1164 836 1227 campis
858 1164 1014 1228 magis
1037 1180 1092 1212 ac
1114 1164 1268 1228 magis
1291 1162 1461 1212 horror

111 1228 394 1288 Crebrescit,
415 1229 703 1294 propiusque
723 1229 906 1279 malum
929 1232 1018 1279 est.
1087 1229 1124 1278 J
1126 1246 1205 1279 am
1226 1229 1421 1295 pulvere
1444 1227 1616 1278 coelum

111 1295 251 1344 Stare
271 1295 468 1355 vident3
501 1296 804 1361 subeuntque
826 1296 1026 1361 equites,
1049 1298 1100 1346 et
1124 1296 1305 1361 spicula
1326 1294 1495 1345 castris

21 1394 30 1427 t·
111 1360 276 1411 Densa
297 1361 477 1410 cadunt
497 1362 681 1411 mediis.
747 1357 808 1411 Tt
828 1363 985 1411 tristis
1009 1362 1070 1411 ad
1092 1363 1273 1412 aethera
1295 1362 1475 1411 clamor

19 1454 28 1491 ς
112 1426 392 1477 Bellantum
406 1427 655 1493 juvenum,
678 1430 731 1477 et
753 1429 872 1478 duro
895 1429 984 1478 sub
1007 1429 1172 1478 Marte
1195 1429 1467 1479 cadentum.
1609 1427 1707 1477 410

114 1493 214 1543 Hic
235 1494 414 1554 Venus,
436 1495 637 1559 indigno
658 1495 763 1544 uati
786 1511 1015 1544 concussa
1036 1494 1211 1555 dolore,

114 1559 431 1609 Dictamnum
451 1561 672 1625 genetrix
695 1560 886 1610 Cretaea
906 1561 1062 1626 carpit
1084 1562 1144 1610 ab
1169 1561 1275 1622 Ida,

116 1625 383 1675 Puberibus
406 1627 590 1676 caulem
612 1627 739 1675 foliis
762 1630 813 1675 et
834 1627 949 1676 flore
971 1629 1241 1676 comantem

21 1739 35 1762 ἵ
116 1691 388 1757 Purpureo:
423 1709 522 1742 non
543 1692 628 1741 illa
649 1693 760 1742 feris
782 1693 1032 1758 incognita
1053 1693 1205 1758 capris

23 1767 35 1806 ζ
114 1758 360 1820 Gramina,
382 1774 531 1823 quum
552 1761 692 1824 tergo
714 1758 929 1808 volucres
951 1759 1132 1808 haesere
1154 1759 1369 1824 sagittae.
1610 1759 1710 1810 415

27 1866 37 1878 .
116 1823 229 1874 Hoc
247 1825 427 1886 Venm,
449 1826 650 1874 obscuro
670 1825 840 1874 faciem
863 1826 1160 1875 circumdata
1180 1825 1363 1886 nimbo,

115 1890 337 1952 Detulit3
370 1892 463 1941 hoc
484 1892 646 1940 fusum
666 1892 811 1941 labris
834 1892 1195 1957 splendentibus
1219 1908 1412 1941 amnem

116 1956 297 2017 Inficit,
329 1957 514 2008 occulte
536 1958 806 2018 medicans;
841 1959 1118 2024 spargitque
1141 1957 1352 2007 salubres

117 2022 382 2072 Ambrosia
403 2039 556 2084 sucos,
578 2027 630 2073 et
651 2024 935 2074 odoriferam
956 2041 1228 2088 panaceam.

116 2088 266 2139 Fovit
286 2105 343 2138 ea
363 2089 538 2138 vulnus
559 2089 760 2155 lympha
780 2091 1027 2155 longaevus
1051 2089 1183 2154 Iapis
1611 2089 1714 2139 420

35 2199 37 2204 .
117 2154 355 2220 Ignorans
374 2175 387 2215 ;
420 2156 675 2221 subitoque
697 2156 852 2205 omnis
875 2156 934 2205 de
956 2172 1150 2221 corpore
1172 2155 1302 2220 fugit

14 2246 29 2256 ·
117 2220 304 2286 Quippe
327 2221 488 2281 dolor;
522 2222 677 2271 omnis
699 2223 842 2271 stetit
863 2222 961 2271 imo
983 2222 1179 2271 vulnere
1201 2220 1411 2287 sanguis.

117 2285 233 2336 Jam
266 2304 326 2338 ue
347 2291 511 2337 secuta
531 2304 742 2348 manum,
765 2288 900 2338 nullo
922 2290 1139 2354 cogente,
1162 2288 1346 2354 sagitta

49 2356 62 2365 ⁹
116 2351 237 2403 Exci
275 2354 328 2414 ‘t,
351 2358 495 2420 atque
516 2370 655 2403 novae
675 2355 855 2404 rediere
876 2354 928 2403 in
950 2354 1154 2419 pristina
1174 2355 1316 2404 vires.

116 2421 147 2449 ‘⁶
162 2420 315 2469 Arma
337 2421 422 2470 citi
444 2423 692 2498 properate
714 2422 844 2470 viro!
880 2422 996 2487 quid
1018 2421 1159 2470 statis
1175 2419 1238 2471 ?''
1277 2418 1407 2486 Iapis
1611 2419 1712 2471 425

116 2484 412 2545 Conclamat,
436 2503 711 2551 primusque
733 2488 917 2537 animos
939 2488 1156 2537 accendit
1177 2487 1230 2535 in
1251 2486 1459 2536 hostem.

15 2582 24 2603 ›
116 2555 146 2579 ‘⁶
163 2551 279 2602 Non
300 2552 403 2602 haeo
425 2553 648 2602 humanis
672 2553 855 2618 opibus,
877 2569 975 2603 non
999 2556 1102 2602 arte
1126 2553 1361 2619 magistra

117 2615 431 2679 Proveniant,
452 2636 606 2684 nequo
627 2621 694 2678 te,
718 2619 886 2680 Elaea,
907 2635 1016 2669 mea
1037 2618 1234 2669 dextera
1254 2618 1443 2677 scrvat;

116 2683 277 2750 Major
297 2685 401 2749 agit
422 2684 555 2745 deus,
577 2688 723 2749 atque
745 2700 887 2763 opera
908 2685 970 2733 ad
991 2685 1171 2752 majora
1190 2683 1452 2743 remittit.”

114 2748 208 2799 1110
229 2749 397 2799 avidus
418 2766 593 2816 pugnoe
614 2766 747 2800 suras
769 2751 1025 2800 incluserat
1047 2767 1163 2800 auro
1611 2748 1714 2804 430

114 2814 250 2865 Hinc
270 2818 417 2881 atque
437 2816 565 2877 hinc,
587 2817 783 2882 oditque
806 2833 977 2877 moras,
999 2817 1284 2885 hastamque
1306 2816 1542 2869 coruscat.

114 2880 382 2947 Postquam
402 2880 576 2934 habili·
595 2882 738 2934 lateri
759 2883 938 2949 clipeus
960 2884 1196 2950 loricaque
1216 2886 1357 2951 tergo
1378 2886 1470 2948 est,
