1988 3034
795 257 842 293 P.
863 256 1101 292 moun
1122 235 1361 295 morus

285 376 435 429 Hunc
457 375 624 441 procul
644 376 703 424 ut
725 391 892 440 campo
915 376 1106 424 Turnus
1128 378 1373 442 prospexit
1396 377 1577 444 aperte,

284 446 417 493 Ante
438 444 534 491 levi
548 443 708 507 jaculo
729 443 930 507 longum
953 459 1038 506 per
1059 443 1200 492 inane
1223 446 1430 505 secutus,

285 510 428 559 Sistit
451 526 595 571 equos
617 509 817 573 bijngoe,
841 512 892 557 et
915 526 1057 557 curru
1079 510 1251 569 desilit,
1276 513 1420 575 atque
1773 510 1871 560 855

286 575 561 624 Semianimi
583 575 809 638 lapsoque
832 576 1119 639 supervenit,
1144 579 1194 624 et
1216 577 1334 639 pede
1357 577 1497 635 collo,

285 642 526 704 Impresso
549 641 730 689 dextrae
755 658 1031 690 mucronem
1053 644 1319 706 extorquet,
1342 645 1393 690 et
1415 643 1514 690 alto

286 707 579 771 Fulgentem
601 707 754 771 tingit
770 707 942 771 jugulo
961 729 971 767 ;
1006 711 1150 771 atque
1172 709 1274 756 haec
1297 708 1489 771 insuper
1512 706 1679 757 addit:

287 777 314 798 “
330 773 425 832 En,
450 790 588 836 agros
611 776 675 831 et,
700 790 842 835 quam
866 774 1003 832 bello,
1028 774 1245 838 Trojane‚
1268 775 1451 839 petisti,

286 838 573 902 Hesperiam
595 840 764 887 metire
779 840 969 903 jacens:
1005 840 1108 887 haec
1132 841 1339 903 praemia,
1364 839 1447 902 qui
1469 854 1546 886 me
1777 839 1878 888 360

286 904 436 952 Ferro
460 905 561 952 ausi
583 907 785 962 tentare,
809 906 998 952 ferunt:
1034 905 1102 953 sic
1124 905 1303 952 moenia
1325 904 1590 952 condunt.’'

286 969 420 1018 Huic
444 971 668 1018 comitem
691 971 912 1018 Asbuten
945 971 1158 1034 conjecta
1186 970 1380 1033 cuspide
1400 970 1574 1030 mittit,

286 1034 589 1099 Chloriaque‚
614 1036 940 1099 Sybarimque,
963 1036 1252 1100 Daretaque,
1277 1036 1748 1101 Thersilochumque,

287 1099 359 1148 Et
382 1101 610 1149 sternacis
633 1102 743 1164 equi
763 1101 951 1165 lapsum
973 1102 1152 1149 cervice
1175 1101 1487 1165 Thymoeten.
1858 1160 1860 1166 λ

287 1167 362 1216 Ac
382 1167 517 1215 velut
540 1167 701 1214 Edoni
723 1167 891 1215 Boreae
913 1183 1063 1231 quum
1087 1167 1285 1230 spiritus
1309 1168 1407 1216 alto
1778 1167 1878 1216 365

288 1231 494 1281 Insonat
515 1232 701 1296 AEgaeO,
722 1233 1028 1296 sequiturque
1052 1233 1112 1281 ad
1133 1233 1277 1281 litora
1291 1234 1482 1292 fluctus,

288 1297 396 1356 Qua
416 1298 553 1346 venti
573 1298 843 1358 incubuere,
866 1299 1032 1362 fugam
1055 1299 1174 1346 dant
1195 1299 1362 1347 nubila
1383 1300 1532 1348 coe102

288 1362 368 1412 Sic
391 1364 568 1424 Turno,
593 1380 888 1428 quacumque
910 1365 1039 1412 viam
1064 1367 1192 1413 secat
1215 1365 1409 1429 agmina
1432 1365 1625 1426 cedunt,

288 1428 633 1494 Conversaeque
656 1433 805 1478 ruunt
828 1431 977 1491 acies;
1011 1431 1107 1479 sert
1128 1431 1337 1494 impetus
1359 1432 1535 1496 ipsum,

288 1494 361 1544 Et
384 1495 579 1544 cristam
602 1497 798 1546 adverso
822 1514 964 1545 curru
987 1497 1146 1560 quatit
1169 1514 1285 1546 aura
1305 1498 1567 1546 volantem.
1784 1494 1883 1553 8⁷0

288 1559 407 1610 Non
427 1561 547 1609 tulit
568 1562 833 1611 instantem
856 1563 1078 1627 Phegeus
1101 1563 1364 1627 animisque
1386 1563 1703 1614 frementem:

290 1626 480 1691 Objecit
502 1643 603 1677 sese
625 1629 688 1677 ad
709 1645 918 1688 currum,
941 1633 992 1677 et
1015 1629 1290 1693 spumantia
1310 1630 1455 1679 frenis

293 1692 393 1741 Ora
414 1693 673 1742 citatorum
695 1695 863 1743 dextra
886 1696 1090 1744 detorsit
1112 1712 1356 1759 equorum.

291 1757 426 1807 Dum
446 1759 674 1821 trahitur,
696 1761 966 1824 pendetque
982 1761 1128 1825 jugiS‚
1151 1762 1280 1810 hunc
1302 1761 1402 1810 lata
1423 1764 1660 1811 retectum

291 1823 481 1873 Lancea
502 1828 821 1889 consequitur,
844 1828 1118 1890 rumpitque
1139 1827 1288 1875 infixa
1307 1827 1497 1876 bilicem
1786 1827 1850 1878 87
1852 1829 1882 1877 5

292 1888 529 1952 Loricam,
551 1894 602 1939 et
625 1908 867 1939 summum
890 1893 1117 1956 degustat
1138 1892 1334 1941 vulnere
1357 1907 1541 1958 corpus.

292 1953 385 2003 Ille
405 1958 571 2005 tamen
594 1957 744 2021 clipeo
766 1958 954 2022 objecto
976 1974 1229 2007 conversus
1251 1959 1304 2006 in
1325 1959 1517 2008 hostem

292 2019 422 2082 Ibat,
446 2023 497 2070 et
520 2023 747 2070 auxilium
771 2024 917 2071 ducto
939 2040 1164 2072 mucrone
1185 2025 1409 2088 petebat:

291 2086 454 2146 Quum
476 2090 585 2136 rota
605 2089 896 2152 praecipitem
920 2092 970 2138 et
992 2106 1221 2153 procursu
1243 2091 1457 2139 concitus
1480 2091 1580 2140 axis
1766 2102 1769 2103 ’

292 2151 512 2216 Impulit,
536 2153 830 2218 effunditque
852 2155 979 2215 solo;
1014 2156 1296 2220 Turnusque
1319 2159 1509 2206 secutus
1787 2158 1883 2207 380

292 2215 452 2266 Imam
473 2218 602 2266 inter
623 2219 809 2283 galeam
832 2221 1008 2268 summi
1029 2222 1239 2270 thoracis
1262 2224 1313 2270 et
1336 2240 1441 2271 oras

292 2283 514 2331 Abstulit
535 2300 645 2333 ense
667 2288 826 2349 caput,
847 2289 1166 2351 truncumque
1187 2288 1380 2352 reliquit
1403 2305 1575 2338 arenae.

359 2349 523 2412 Atque
546 2366 602 2398 ea
623 2351 740 2398 dum
762 2352 941 2415 campis
964 2352 1119 2401 victor
1142 2353 1226 2401 dat
1248 2355 1415 2403 funera
1439 2355 1646 2417 Turnus,

293 2411 489 2462 Interea
510 2414 697 2464 AEnean
719 2416 1006 2465 Mnestheus
1029 2420 1080 2466 et
1102 2418 1226 2466 fidus
1249 2420 1460 2468 Achates

292 2479 620 2544 Ascaniusque
642 2497 799 2530 comes
822 2483 990 2531 castris
1013 2485 1224 2532 statuere
1247 2488 1515 2547 cruentum,
1782 2486 1882 2536 385

292 2544 520 2594 Alternos
542 2547 687 2611 longa
707 2548 946 2597 nitentem
969 2549 1160 2613 cuspide
1182 2567 1388 2614 gressus.

294 2609 456 2671 Saevit,
479 2614 530 2660 et
550 2612 755 2662 infracta
774 2614 988 2663 luctatur
1010 2615 1239 2664 arundine
1261 2616 1416 2665 telum

293 2670 506 2739 Eripere,
530 2679 798 2744 auxilioque
820 2680 963 2741 viam,
986 2697 1092 2745 quae
1112 2682 1340 2745 proxima,
1362 2682 1546 2747 poscitz

292 2739 423 2790 Ense
445 2746 607 2792 secent
626 2744 726 2793 lato
749 2746 936 2807 vulnus,
958 2747 1137 2810 telique
1158 2746 1391 2796 latebram
1931 2802 1939 2809 ,

292 2800 588 2857 Rescindant
609 2811 815 2874 penitus,
840 2829 1031 2877 seseque
1052 2814 1105 2861 in
1126 2813 1250 2862 bella
1270 2813 1539 2863 remittant.
1781 2807 1880 2869 390

291 2867 499 2935 Jamque
522 2875 684 2924 aderat
708 2877 893 2926 Phoebo
916 2882 1028 2927 ante
1050 2879 1166 2927 alios
1189 2877 1389 2928 dilectus
1412 2878 1544 2944 Iapis
1943 2886 1946 2888 ’

292 2932 499 2987 Iasides:
535 2941 631 2989 acri
653 2943 893 3004 quondam
917 2945 993 2993 cui
1015 2947 1183 3007 captus
1205 2961 1363 2994 amore
