1988 3034
772 228 818 264 P.
841 225 1078 263 VIRGILII
1109 225 1349 262 MARONIS

264 347 510 411 Defringit
532 347 724 405 ferrum,
747 348 797 395 et
819 347 978 410 partes
1000 346 1203 394 rimatur
1224 346 1426 408 apertas,

265 414 371 471 Qua
390 414 564 460 vulnus
587 413 729 460 letale
750 413 899 460 ferat:
936 415 1103 460 contra
1122 412 1204 460 ille
1225 427 1495 475 repugnans

264 480 481 527 Sustinet
505 496 532 526 a
547 479 720 543 jugulo
743 479 975 537 dextram,
998 481 1048 526 et
1070 478 1170 524 vim
1190 477 1370 525 viribus
1393 477 1507 525 exit.
1751 476 1849 526 750

263 545 430 607 thue
451 545 616 592 volans
640 545 736 592 alte
758 547 952 607 raptum
975 561 1125 607 quum
1146 544 1277 591 fulva
1298 544 1551 592 draconem

264 610 383 658 Fert
407 611 575 674 aquila,
598 611 926 674 implicuitque
948 611 1105 672 pedeS,
1130 613 1273 673 atque
1295 609 1536 672 unguibus
1558 607 1727 660 haesit:

264 676 460 724 Saucius
485 680 536 723 at
559 693 748 739 serpens
772 677 963 724 sinuosa
984 676 1228 723 volumina
1248 678 1422 735 versat,

262 742 568 805 Arrectisque
590 742 754 790 horret
778 742 1000 805 squamis,
1025 744 1075 788 et
1098 742 1257 789 sibilat
1281 758 1360 790 ore

262 807 455 856 Arduus
479 809 756 871 insurgens:
791 809 873 856 illa
894 808 1024 855 haud
1046 808 1204 855 minus
1228 811 1369 871 urget
1393 808 1577 856 obunco
1753 805 1849 855 '755

263 873 557 921 Luctantem
579 877 762 933 rostro3
798 875 940 921 simul
962 874 1142 922 aethera
1163 875 1380 922 verberat
1403 875 1488 921 alis
1506 895 1516 921 :

269 939 413 986 Haud
435 940 574 988 aliter
594 941 803 1003 praedam
826 940 1086 987 Tiburtum
1109 957 1166 987 ex
1189 940 1378 1004 agmine
1400 939 1620 988 Tarchon

267 1004 436 1053 Portat
460 1022 619 1054 ovans.
689 1005 839 1053 Ducis
863 1006 1133 1068 exemplum
1156 1009 1474 1069 eventumque
1496 1004 1648 1054 secuti

263 1070 515 1118 Maeonidae
538 1072 806 1119 incurrunt.
875 1072 1002 1118 Tum
1024 1072 1137 1119 fatis
1161 1071 1350 1120 debitus
1374 1073 1559 1120 Arruns

262 1135 486 1184 Velocem
501 1137 661 1200 jaculo
685 1140 734 1186 et
756 1137 912 1184 multa
933 1137 1062 1200 prior
1085 1140 1187 1184 arte
1212 1137 1462 1185 Camillam
1753 1135 1851 1186 ‘760

262 1201 459 1262 Circuit,
484 1207 548 1262 et,
572 1220 675 1265 quae
699 1204 764 1250 sit
785 1204 980 1250 fortuna
1000 1203 1238 1262 facillima,
1261 1206 1435 1251 tentat.

243 1268 369 1326 ⁴Qua
391 1285 440 1316 se
463 1285 664 1331 cumque
686 1269 847 1317 furens
869 1269 1026 1316 medio
1049 1269 1168 1316 tulit
1191 1269 1381 1332 agmine
1403 1270 1554 1332 virgo,

260 1334 371 1382 Hac
394 1336 578 1382 Arruns
602 1335 746 1393 subit,
770 1337 821 1382 et
842 1335 1020 1382 tacitus
1042 1335 1247 1398 vestigia
1266 1335 1469 1383 lustrat:

261 1401 366 1458 Qua
391 1401 565 1448 victrix
587 1401 711 1449 redit
733 1401 828 1461 illa,
852 1401 1112 1463 pedemque
1135 1417 1193 1448 ex
1215 1401 1354 1449 hoste
1376 1404 1604 1465 reportat,

260 1466 371 1514 Hac
386 1467 577 1530 juvenis
599 1467 769 1514 furtim
792 1467 962 1515 celeres
986 1468 1239 1530 detorquet
1261 1467 1483 1516 habenas.
1753 1470 1847 1516 '765

261 1532 371 1580 Hos
394 1533 567 1591 aditus,
584 1533 779 1597 jamque
801 1533 890 1581 hos
914 1533 1086 1592 aditus,
1111 1550 1395 1597 omnemque
1416 1536 1628 1597 pererrat

183 1616 185 1618 ’
260 1598 487 1661 Undique
510 1599 762 1647 circuitum
783 1620 794 1658 3
829 1602 879 1647 et
902 1602 1083 1647 certam
1106 1600 1265 1662 quatit
1287 1600 1531 1663 improbus
1554 1600 1758 1648 hastam.

260 1663 411 1712 Forte
435 1681 564 1712 sacer
587 1664 777 1728 Cybelae
801 1665 1046 1724 Chloreus,
1071 1665 1280 1729 olimque
1303 1667 1533 1726 sacerdos,

261 1729 474 1794 Insignis
495 1731 638 1794 longe
662 1731 889 1795 Phrygiis
911 1731 1127 1795 fulgebat
1149 1733 1202 1779 in
1224 1733 1383 1792 armis,

260 1795 667 1859 Spumantemque
690 1798 906 1860 agitabat
930 1813 1132 1860 equum:
1170 1814 1311 1859 quem
1334 1798 1468 1861 pellis
1492 1797 1655 1846 ahenis
1750 1800 1849 1848 770

259 1860 324 1908 In
345 1862 562 1925 plumam
584 1863 791 1925 squamis
816 1880 928 1910 auro
952 1865 1170 1910 conserta
1191 1865 1402 1926 tegebat.

228 1976 230 1979 ,
259 1926 386 1990 Ipse,
408 1928 657 1991 peregrina
678 1928 916 1991 ferrugine
939 1929 1091 1975 clarus
1115 1931 1165 1976 et
1188 1933 1333 1988 ostro,

258 1992 451 2056 Spicula
471 1994 728 2057 torquebat
750 1993 901 2057 Lycio
926 1994 1163 2058 Gortynia
1185 2011 1360 2054 cornu3

256 2059 447 2107 Aureus
471 2075 528 2107 ex
550 2059 760 2107 humeris
784 2063 923 2107 sonat
946 2077 1095 2118 arcus,
1119 2063 1169 2108 et
1192 2078 1332 2109 aurea
1353 2062 1456 2109 vati
1749 2061 1846 2126 [tes

258 2123 481 2184 Cassida3
514 2127 624 2173 tum
646 2142 858 2174 croceam
876 2126 1270 2190 chlamydemque
1288 2127 1512 2191 sinusque
1529 2145 1720 2193 crepan·
1748 2130 1844 2178 775

259 2189 515 2238 Garbaseos
539 2192 669 2239 fulvo
691 2192 743 2239 in
766 2192 946 2239 nodum
968 2193 1224 2256 collegerat
1247 2210 1375 2252 auro,

257 2254 426 2303 Pictus
449 2273 537 2304 acu
557 2258 758 2316 tunicas,
781 2261 833 2305 et
854 2259 1053 2306 barbara
1073 2259 1288 2321 tegmina
1310 2277 1514 2308 crurum.

256 2320 407 2369 Hunc
429 2322 579 2386 virgo,
604 2323 702 2371 sive
723 2326 781 2370 ut
803 2325 995 2387 templis
1017 2326 1282 2387 praefigeret
1305 2342 1436 2373 arma

258 2386 415 2447 Troia,
438 2389 627 2452 captivo
650 2389 748 2437 sive
769 2391 828 2436 ut
850 2406 900 2437 se
921 2390 1066 2437 ferret
1088 2390 1139 2436 in
1162 2407 1290 2448 auro,

255 2452 489 2501 Venatrix
511 2471 663 2502 unum
684 2471 742 2502 ex
765 2455 896 2502 omni
919 2456 1175 2502 certamine
1198 2472 1374 2519 pugnae
1745 2458 1844 2508 '780

257 2517 396 2568 Caeca
417 2520 729 2583 sequebatur3
761 2522 1016 2584 totumque
1038 2521 1233 2569 incauta
1253 2539 1338 2584 per
1359 2538 1533 2586 agmen

256 2583 484 2632 Femineo
506 2586 676 2649 praedae
698 2587 748 2633 et
771 2586 1029 2649 spoliorum
1052 2587 1246 2635 ardebat
1270 2604 1453 2636 amore:

255 2649 429 2698 Telum
451 2667 508 2698 ex
529 2651 712 2699 insidiis
736 2668 884 2714 quum
905 2653 1103 2700 tandem
1125 2655 1338 2716 tempore
1361 2656 1503 2717 capto

255 2713 495 2775 Concitat,
518 2719 568 2764 et
591 2734 783 2780 superos
806 2720 993 2766 Arruns
1016 2719 1083 2766 sic
1104 2735 1220 2766 voce
1242 2722 1490 2782 precatur:

254 2782 283 2805 “
298 2779 492 2828 Summe
515 2782 671 2840 deum,
695 2785 850 2831 sancti
872 2786 1031 2831 custos
1056 2785 1262 2832 Soractis
1286 2785 1475 2846 Apollo,
1741 2785 1838 2837 '785

253 2844 408 2902 Quem
430 2846 574 2908 primi
595 2848 808 2908 colimUS,
831 2850 910 2897 cui
930 2850 1098 2912 pineus
1121 2850 1256 2897 ardor
1281 2866 1446 2898 acervo

252 2908 488 2975 Pascitur,
512 2915 563 2962 et
584 2913 796 2964 medium
816 2915 930 2964 freti
950 2915 1131 2981 pietate
1151 2931 1236 2981 per
1256 2915 1420 2980 ignem.
