1988 3034
726 194 775 231 1³.
797 191 1033 230 VIRGILH
1054 190 1292 229 MAnoms

226 313 358 363 Hinc
382 311 660 361 Sthenelum
683 312 824 375 petit,
847 315 898 361 et
920 309 1092 360 Rhoeti
1114 311 1172 359 de
1194 312 1339 375 gente
1361 309 1554 359 vetusta

223 380 588 436 Anchemolum,
611 379 850 426 thalamos
873 395 1041 425 ausum
1064 378 1293 425 incestare
1315 393 1547 427 novercae.

225 444 324 493 Vos
347 446 491 493 etiam
516 444 696 508 gemini
719 444 918 492 Rutulis
942 443 1178 492 cecidistis
1200 444 1248 490 in
1273 444 1414 502 arvis,

221 509 422 569 Daucia,
446 511 619 558 Laride
642 509 994 573 Thymberque,
1019 509 1260 556 simillima
1280 510 1452 572 proles,

224 575 492 623 Indiscreta
514 575 611 623 suis
635 579 894 638 gratusque
915 575 1192 638 parentibus
1215 590 1372 634 error;

221 641 295 689 At
316 658 444 688 nunc
467 641 586 688 dura
607 641 740 688 dedit
761 641 896 688 vobis
919 640 1192 687 discrimina
1214 639 1372 687 Pallas
1391 659 1406 687 2

222 705 355 754 Nam
378 706 484 766 tibi,
509 706 768 769 Thymbre,
796 707 940 769 caput
963 705 1235 752 Evandrius
1259 704 1460 753 abstulit
1483 703 1638 769 ensis;

219 771 288 819 Te
311 771 467 819 decisa
488 788 643 830 suum,
668 771 854 829 Laride,
879 771 1073 819 dextera
1096 771 1292 833 quaerit,

186 846 191 851 ’
222 836 623 900 Semianimesque
647 837 827 884 micant
851 837 1007 899 digiti,
1031 837 1303 898 ferrumque
1325 838 1603 887 retractant.

221 903 432 949 Arcadas
456 919 672 950 accensos
695 902 900 960 monitu,
925 905 975 949 et
997 902 1222 964 praeclara
1243 905 1437 950 tuentes

221 967 375 1014 Facta
396 967 501 1027 viri,
524 968 704 1014 mixtus
729 968 862 1015 dolor
885 969 934 1014 et
956 968 1110 1030 pudor
1132 970 1286 1015 armat
1308 968 1360 1014 in
1382 969 1559 1018 hostes.

220 1032 348 1080 Tum
372 1033 531 1080 Pallas
554 1033 729 1097 bijugis
753 1033 1020 1096 fugientem
1043 1032 1252 1081 Rhoetea
1273 1036 1449 1095 praeter

218 1096 433 1162 Trajicit.
500 1097 612 1146 Hoc
635 1098 858 1161 spatium,
887 1101 1177 1161 tantumque
1198 1114 1341 1146 morae
1362 1099 1458 1147 fuit
1480 1099 1585 1160 Ilo;

219 1161 296 1211 Ilo
319 1180 524 1225 namque
547 1163 713 1226 procul
734 1164 942 1210 validam
966 1164 1201 1212 direxerat
1223 1165 1430 1225 hastam,

220 1228 376 1287 Quam
399 1229 582 1276 medius
606 1229 842 1276 Rhoeteus
865 1229 1125 1292 intercipit,
1149 1229 1331 1291 optime
1355 1230 1586 1291 Teuthra,

218 1293 289 1341 Te
311 1294 514 1357 fugiens,
536 1295 826 1356 fratremque
850 1294 1038 1358 Tyren;
1074 1311 1308 1358 curruque
1329 1295 1524 1345 volutus

217 1357 374 1406 Caedit
397 1359 684 1407 semianimis
709 1360 1003 1408 Rutulorum
1027 1361 1231 1408 calcibus
1255 1377 1380 1409 arva.

217 1424 291 1472 Ac
314 1424 461 1483 velut,
486 1427 653 1487 optato
675 1426 834 1472 ventis
857 1428 1023 1473 aestate
1047 1425 1236 1485 coortis,

217 1489 446 1553 Dispersa
466 1490 693 1538 immittit
717 1491 847 1538 silvis
870 1491 1089 1539 incendia
1110 1496 1275 1554 pastor
1293 1513 1305 1551 ;

218 1554 463 1618 Correptis
487 1556 647 1603 subito
670 1556 852 1615 mediis,
877 1558 1153 1604 extenditur
1174 1574 1272 1605 una

216 1619 431 1669 Horrida
452 1637 536 1683 per
557 1621 681 1669 latos
706 1621 826 1669 acies
850 1622 1085 1670 Vulcania
1107 1639 1297 1686 campos
1318 1641 1330 1683 3

216 1685 308 1733 Ille
333 1686 498 1733 sedens
520 1685 676 1734 victor
698 1687 913 1734 flammas
937 1688 1182 1750 despectat
1207 1691 1403 1737 ovantes
1424 1708 1436 1737 :

216 1750 334 1798 Non
358 1751 495 1799 aliter
517 1752 699 1799 socium
720 1752 875 1799 virtus
899 1753 996 1800 coit
1020 1754 1173 1800 omnis
1196 1754 1245 1800 in
1270 1771 1436 1813 unum,

216 1815 379 1879 Teque
394 1816 550 1880 juvat,
578 1816 726 1864 Palla.
796 1817 889 1864 Sed
911 1818 1045 1865 bellis
1069 1835 1175 1866 acer
1198 1819 1407 1866 Halesus

216 1881 394 1929 Tendit
416 1882 467 1929 in
491 1883 725 1941 adversos,
749 1899 890 1946 seque
911 1883 962 1930 in
986 1900 1071 1930 sua
1092 1884 1275 1947 colligit
1297 1901 1444 1932 arma·

215 1946 315 1994 Hic
339 1950 521 1995 mactat
546 1947 755 2006 Ladona,
781 1949 1102 2011 Pheretaque,
1119 1949 1572 2014 Demodocumque:

216 2012 493 2075 Strymonio
517 2013 735 2060 dextram
757 2014 963 2077 fulgenti
986 2015 1159 2077 deripit
1184 2032 1294 2062 ense

214 2076 414 2126 Elatam
434 2078 486 2125 in
501 2078 726 2142 jugulum
744 2099 754 2138 ;
789 2097 901 2127 saxo
923 2079 1035 2127 ferit
1059 2097 1141 2127 ora
1162 2081 1412 2143 Thoantis,

215 2142 428 2206 Ossaque
451 2144 672 2206 dispersit
695 2146 884 2192 cerebro
907 2145 1144 2208 permixta
1167 2150 1380 2196 cruento.

215 2208 341 2255 Fata
363 2225 534 2256 canens
558 2210 687 2256 silvis
710 2211 901 2272 genitor
924 2212 1098 2258 celarat
1122 2212 1372 2274 Halesum,

214 2273 289 2320 Ut
312 2274 467 2321 senior
489 2274 586 2321 leto
610 2276 828 2322 canentia
849 2276 1032 2323 lumina
1054 2277 1197 2323 solvit
1216 2296 1229 2308 ·

214 2337 426 2401 InJecere
448 2355 645 2386 manum
668 2339 848 2398 Parcae,
871 2341 1072 2403 telisque
1095 2345 1341 2390 sacrarunt

213 2402 444 2452 Evandri.
513 2405 665 2463 Quem
689 2405 754 2452 sic
779 2405 936 2452 Pallas
959 2407 1084 2468 petit
1107 2410 1218 2453 ante
1241 2409 1458 2469 precatus
1477 2426 1493 2456 t

214 2470 244 2493 “
258 2468 338 2515 Da
359 2486 500 2529 nunc,
525 2470 711 2533 Thybri
732 2473 882 2533 pater,
906 2471 1042 2530 ferro,
1068 2473 1198 2533 quod
1219 2473 1394 2520 missile
1417 2474 1552 2533 libro,

214 2532 485 2582 Fortunam
508 2538 652 2598 atque
674 2536 802 2583 viam
825 2537 933 2583 duri
954 2553 1038 2599 per
1059 2540 1226 2600 pectus
1250 2538 1434 2585 Halesi.

213 2597 338 2646 Haec
361 2616 493 2647 arma
514 2601 797 2663 exuviasque
820 2602 910 2648 viri
931 2605 1018 2649 tua
1047 2620 1244 2665 quercus
1267 2602 1515 2651 habebit?

212 2663 386 2711 Audiit
406 2665 490 2712 illa
512 2666 653 2714 deus:
690 2668 806 2714 dum
827 2668 950 2715 texit
975 2668 1175 2715 Imaona
1198 2669 1418 2729 Halesus,

213 2728 419 2776 Arcadio
442 2730 605 2778 infelix
626 2732 724 2779 telo
748 2732 832 2779 dat
853 2736 1020 2796 pectus
1041 2734 1292 2782 inermum.

212 2792 286 2840 At
307 2809 406 2841 non
428 2795 554 2842 caede
576 2796 668 2843 viri
689 2799 830 2845 tanta
851 2799 1106 2861 perterrita
1127 2800 1326 2858 LausuS‚

215 2856 336 2908 Pars
357 2859 528 2924 ingens
549 2860 676 2924 belli,
700 2863 817 2911 sinit
841 2864 1060 2927 agmina:
1093 2865 1276 2929 primus
1297 2865 1543 2916 Abantem

1714 444 1815 492 390

1715 771 1814 819 395

1715 1100 1816 1148 400

1712 1429 1808 1476 405

1708 1757 1808 1803 410

1706 2084 1803 2130 415

1704 2410 1803 2457 420

1700 2738 1799 2785 425
