1988 3034
762 256 810 293 1².
833 254 1070 293 naemu
1102 256 1343 294 maome

253 373 345 424 Ille
368 373 520 423 Talon
543 373 836 440 Tanaimque
857 376 964 426 neci
983 376 1252 442 fortemque
1274 376 1558 443 Cethegum,

254 440 370 489 Tres
391 457 489 488 uno
512 457 781 504 congressu,
805 444 855 490 et
878 445 1104 492 maestum
1124 444 1283 492 mittit
1305 445 1515 508 Onyten,

252 506 446 556 Nomen
469 507 774 568 Echionium,
796 509 1058 572 matrisque
1079 526 1230 573 genus
1254 510 1458 559 Peridiae
1478 532 1491 572 ;

256 572 353 622 Hic
374 573 544 621 fratres
568 572 720 636 Lycia
740 574 909 624 missos
933 579 983 624 et
1005 575 1240 639 Apollinis
1263 576 1403 640 agris,

255 639 324 689 Et
338 639 567 702 juvenem
588 655 784 688 exosum
804 642 1126 705 nequidquam
1147 641 1271 690 bella
1293 642 1544 691 Menoeten

254 705 468 753 Arcada:
503 705 700 769 piscosae
724 707 802 754 cui
824 708 1002 755 circum
1022 708 1221 756 flumina
1243 708 1414 757 Lernae

254 772 347 818 Ars
369 772 540 832 fuerat,
562 788 834 836 pauperque
857 774 1054 833 domus3
1087 790 1175 822 nec
1197 776 1314 822 nota
1335 775 1588 838 potentum

255 835 473 897 Limina3
509 839 837 902 conductaque
858 843 996 904 pater
1017 840 1188 889 tellure
1211 841 1411 890 serebat.

256 905 327 951 Ac
350 904 483 952 velut
505 904 708 951 immissi
730 906 925 954 diversis
948 907 1162 969 partibus
1185 907 1320 970 ignes

256 971 487 1017 Arentem
509 970 562 1017 in
584 970 755 1018 silvam
778 974 828 1019 et
850 972 1061 1036 virgulta
1083 974 1303 1021 sonantia
1323 972 1487 1035 laur0;

256 1036 360 1083 Aut
382 1035 466 1083 ubi
488 1036 688 1084 decursu
708 1037 872 1100 rapido
897 1038 955 1086 de
977 1039 1222 1087 montibus
1245 1038 1355 1087 altis

257 1101 392 1149 Dant
415 1102 629 1149 sonitum
650 1103 862 1166 spumosi
884 1121 1060 1164 amnes,
1085 1108 1135 1152 et
1156 1105 1208 1152 in
1231 1121 1419 1169 aequora
1440 1109 1654 1169 currunt,

258 1167 468 1230 Quisque
492 1184 631 1215 suum
653 1169 908 1232 populatus
930 1170 1050 1218 iter:
1085 1187 1183 1218 non
1206 1171 1397 1235 segnius
1421 1173 1560 1221 ambo

257 1233 432 1281 AEneas
457 1234 740 1296 Turnusque
761 1237 911 1282 ruunt
933 1252 1016 1298 per
1037 1237 1231 1299 proelia3
1265 1253 1408 1297 nunc,
1431 1255 1559 1287 nunc

259 1298 492 1347 Fluctuat
514 1300 585 1347 ira
605 1300 738 1348 intus
755 1321 766 1360 ;
800 1304 1091 1364 rumpuntur
1112 1303 1271 1351 nescia
1291 1303 1420 1352 vinci

258 1364 488 1425 Pectora3
521 1383 649 1414 nunc
671 1367 790 1414 totis
814 1367 866 1414 in
887 1368 1083 1416 vulnera
1103 1369 1282 1416 viribus
1305 1369 1419 1418 itur.

258 1430 546 1479 Murranum
567 1431 661 1492 hic,
685 1434 850 1480 atavos
873 1436 923 1482 et
947 1451 1144 1483 avorum
1167 1434 1367 1498 antiqua
1389 1438 1639 1485 sonantem

259 1497 486 1557 Nomina,
508 1514 592 1561 per
613 1515 842 1562 regesque
865 1502 1028 1548 actum
1050 1517 1202 1565 genus
1226 1517 1366 1550 omne
1389 1501 1606 1563 Latinos,

261 1562 564 1627 Praecipitem
587 1565 781 1628 scopulo
803 1568 950 1630 atque
972 1567 1183 1631 ingentis
1206 1568 1399 1617 turbine
1420 1569 1525 1616 saxi

262 1628 480 1690 Excutit,
503 1631 798 1695 effunditque
821 1633 949 1681 solo:
985 1633 1115 1681 hunc
1137 1634 1239 1682 lora
1261 1637 1311 1683 et
1326 1635 1449 1699 juga
1469 1633 1634 1684 subter

262 1694 546 1744 Provolvere
567 1699 712 1745 rotae:
749 1699 911 1747 crebro
935 1715 1076 1763 super
1096 1700 1279 1764 ungula
1299 1701 1441 1765 pulsu

262 1760 434 1822 Incita‚
457 1778 545 1811 nec
567 1763 749 1811 domini
770 1781 1037 1813 memorum
1059 1765 1303 1829 proculcat
1325 1783 1582 1830 equorum3

263 1826 352 1875 Ille
373 1828 534 1876 ruenti
556 1829 724 1892 Hyllo,
750 1830 1012 1894 animisque
1033 1831 1242 1879 immane
1263 1832 1489 1881 frementi

263 1892 496 1953 Occurrit,
519 1894 765 1958 telumque
789 1898 955 1944 aurata
977 1897 1038 1943 ad
1058 1899 1277 1961 tempora
1296 1899 1519 1963 torquet:

263 1958 360 2006 Olli
381 1975 465 2022 per
487 1959 671 2023 galeam
693 1961 789 2009 fixo
813 1963 953 2010 stetit
975 1962 1116 2010 hasta
1138 1964 1342 2013 cerebro.

262 2024 475 2072 Dextera
495 2042 582 2074 nec
604 2029 692 2074 tua
712 2029 777 2086 te,
803 2028 1004 2075 Graium
1025 2027 1299 2090 fortissime,
1324 2029 1551 2091 Cretheu,

263 2091 458 2154 Eripuit
481 2091 672 2151 Turn03
706 2109 794 2140 nec
818 2094 867 2140 di
889 2096 1049 2142 texere
1073 2093 1352 2158 Cupencum

262 2156 417 2205 AEnea
435 2157 656 2205 veniente
679 2159 778 2218 sui3
814 2159 946 2207 dedit
968 2159 1108 2208 obvia
1127 2161 1251 2210 ferro

263 2222 479 2282 Pectora,
502 2240 590 2271 nec
612 2223 783 2272 misero
808 2225 946 2289 clipei
967 2242 1101 2274 mora.
1121 2227 1304 2291 profuit
1325 2227 1452 2277 aerei.

263 2288 332 2336 Te
354 2305 542 2352 quoque
565 2289 829 2339 Laurentes
852 2291 1092 2352 viderunt,
1107 2293 1268 2354 'AE'ole,
1293 2293 1449 2358 campi

264 2353 514 2416 Oppetere,
539 2357 589 2402 et
610 2356 707 2404 late
729 2359 908 2404 terram
932 2360 1231 2407 consternere
1252 2361 1419 2425 terg03

263 2419 464 2480 Occidis,
487 2420 686 2484 Argivae
709 2438 850 2484 quem
872 2439 970 2470 non
991 2426 1188 2486 potuere
1210 2424 1469 2488 phalanges

264 2485 497 2546 Sternere,
521 2502 608 2534 nec
631 2486 813 2535 Priami
834 2505 1092 2552 regnorum
1115 2506 1302 2538 eversor
1323 2486 1563 2539 Achilles:

263 2551 361 2599 Hic
384 2552 477 2600 tibi
499 2552 669 2601 mortis
692 2557 828 2602 erant
851 2556 1009 2614 metae,
1033 2555 1202 2604 domus
1225 2556 1324 2604 alta
1345 2556 1435 2605 sub
1457 2557 1575 2618 Ida3

262 2617 490 2681 Lyrnessi
513 2619 682 2667 domus
705 2620 817 2681 alta,
841 2621 941 2669 solo
965 2621 1206 2671 Laurente
1228 2621 1512 2686 sepulcrum.

263 2683 400 2731 Totae
422 2684 539 2733 adeo
562 2701 802 2735 conversae
827 2687 964 2746 acies,
988 2703 1244 2752 omnesque
1266 2688 1447 2748 Latini,

263 2748 440 2797 Omnes
458 2750 778 2800 Dardanidae:
813 2752 1116 2814 Mnestheus,
1141 2770 1337 2818 acerque
1360 2753 1593 2820 Serestus,

261 2813 333 2860 Et
355 2815 607 2879 Messapus
630 2834 805 2881 equum
828 2819 1050 2878 domitor,
1074 2822 1125 2868 et
1145 2820 1283 2868 fortis
1305 2820 1495 2885 Asylas,

262 2877 620 2945 Tuscorumque
641 2884 864 2946 phalanx,
889 2885 1195 2949 Evandrique
1218 2886 1426 2935 Arcades
1449 2889 1562 2939 alae:

262 2942 358 2992 Pro
380 2962 430 2992 se
453 2947 650 3009 quisque
672 2950 763 2996 viri
787 2967 974 2998 summa
993 2951 1215 3000 nituntur
1236 2969 1380 3016 opum
1402 2953 1467 3002 vi.

1756 513 1849 562 515

1757 844 1855 892 520

1761 1174 1858 1222 525

1761 1504 1864 1553 530

1765 1834 1865 1885 535

1768 2163 1867 2212 540

1766 2493 1864 2542 545
1956 2532 1958 2534 >

1764 2814 1864 2874 550
