1988 3034
745 187 789 222 P.
812 183 1050 221 vmfflm
1071 181 1313 222 moms

234 303 390 352 Actus
412 318 537 366 aper,
559 302 738 361 multos
761 301 965 351 Vesulus
988 318 1130 367 quem
1153 301 1326 366 pinifer
1346 317 1495 352 annos

234 367 480 427 Defendit,
502 367 740 416 multosve
761 369 896 431 palus
920 368 1194 427 Laurentia,
1218 367 1338 417 silva

234 431 412 482 Pastus
435 433 707 493 arundinea,
729 436 985 496 postquam
1005 434 1134 483 inter
1154 433 1276 482 retia
1297 433 1498 482 ventum
1521 435 1610 492 est,
1732 429 1831 477 710

236 498 483 558 Substitit,
505 499 846 562 infremuitque
867 500 1014 559 ferox,
1036 502 1089 548 et
1109 499 1351 547 inhorruit
1374 514 1559 548 armos:

236 564 342 612 Nec
366 564 589 627 cuiquam
609 565 749 613 irasci
769 565 1022 628 propiusve
1044 565 1262 614 accedere
1284 564 1455 621 virtus,

237 630 332 678 Sed
346 630 517 693 jaculis
539 631 753 692 tutisque
775 631 940 694 procul
963 631 1246 679 clamoribus
1266 630 1453 677 instant
1469 649 1482 676 ε

237 695 329 744 Ille
351 698 515 743 autem
536 696 803 759 impavidus
824 699 984 760 partes
1008 699 1263 744 cunctatur
1284 696 1336 743 in
1358 711 1538 752 omnes,

236 760 478 810 Dentibus
501 762 787 821 infrendenS,
811 765 861 810 et
883 765 1022 826 tergo
1045 762 1229 810 decutit
1251 762 1442 809 hastas:
1730 759 1829 809 715

237 825 388 875 Haud
410 827 561 886 aliter,
578 827 727 891 justae
751 828 923 890 quibus
945 830 1020 875 est
1042 827 1307 876 Mezentius
1329 827 1430 884 irae,

238 891 356 940 Non
377 892 466 939 ulli
489 895 562 941 est
585 893 770 940 animus
794 893 964 941 stricto
988 909 1264 941 concurrere
1285 893 1409 941 ferro
1430 912 1443 950 ;

238 957 504 1006 Missilibus
525 958 666 1023 longe
689 961 739 1006 et
761 961 898 1006 vasto
921 959 1124 1007 clamore
1145 959 1400 1007 lacessunt.

237 1022 447 1071 Venerat
470 1024 678 1088 antiquis
702 1024 908 1087 Corythi
929 1025 987 1072 de
1009 1025 1184 1073 finibus
1207 1025 1383 1082 Acron,

239 1088 414 1137 Graius
436 1089 595 1148 homo,
617 1091 818 1138 infectos
841 1090 1058 1153 linquens
1080 1091 1312 1154 profugus
1334 1090 1610 1153 hymenaeos
1631 1107 1644 1138 ι
1729 1085 1831 1136 720

237 1153 388 1203 Hunc
410 1155 493 1203 ubi
515 1155 795 1204 miscentem
817 1155 959 1219 longe
979 1156 1137 1204 media
1158 1155 1352 1218 agmina
1372 1154 1511 1216 vidit,

238 1219 539 1284 Purpureum
560 1222 726 1284 pennis
749 1223 799 1269 et
821 1225 975 1284 pactae
997 1221 1212 1284 conjugis
1235 1223 1366 1269 ostro
1385 1240 1396 1268 :

239 1284 484 1349 Impastus
508 1286 695 1334 stabula
717 1287 816 1334 alta
836 1287 911 1334 leo
934 1303 1020 1335 ceu
1042 1303 1164 1350 saepe
1186 1300 1508 1350 peragrans-

237 1350 419 1400 Suadet
441 1351 569 1400 enim
590 1369 764 1400 vesana
785 1351 1042 1400 fames—si
1063 1353 1186 1401 forte
1208 1353 1428 1416 fugacem

239 1415 499 1481 Conspexit
522 1434 752 1481 capream,
775 1421 861 1466 aut
883 1421 1162 1483 surgentem
1183 1418 1237 1466 in
1257 1433 1436 1466 cornua
1457 1431 1664 1476 cervum,
1730 1414 1760 1463 7
1764 1416 1827 1463 25

238 1481 445 1542 Gaudet,
468 1483 605 1531 hians
627 1483 848 1542 immane,
871 1500 1123 1547 comasque
1146 1483 1336 1542 arrexit,
1361 1486 1411 1531 et
1433 1482 1586 1531 haeret

238 1546 509 1661 gisoeribus
532 1566 672 1614 super
694 1550 1004 1613 incumbens3
1035 1550 1157 1598 lavit
1178 1550 1396 1616 improba
1415 1551 1542 1598 teter

283 1630 337 1662 ra
358 1631 526 1663 cruor:

237 1678 318 1727 Sic
340 1680 441 1728 ruit
462 1681 512 1727 in
537 1681 705 1730 densos
728 1681 880 1730 alacer
901 1681 1176 1731 Mezentius
1198 1681 1377 1730 hostes.

237 1744 483 1793 Sternitur
503 1746 668 1794 infelix
690 1748 865 1805 Acron,
889 1750 940 1795 et
962 1747 1168 1795 calcibus
1191 1750 1348 1795 atram
1727 1743 1829 1793 '730

239 1808 426 1858 Tundit
447 1812 649 1860 humum
672 1813 928 1876 exspirans,
950 1809 1246 1874 infractaque
1267 1812 1368 1860 tela
1389 1811 1622 1860 cruentat.

238 1876 404 1940 Atque
425 1876 553 1926 idem
575 1878 840 1942 fugientem
871 1879 1002 1926 haud
1024 1881 1098 1926 est
1122 1879 1348 1942 dignatus
1372 1877 1565 1925 Oroden

238 1940 474 2002 Sternere,
496 1959 584 1992 nec
599 1944 732 2007 jacta
754 1960 928 1992 caecum
951 1944 1062 1992 dare
1084 1944 1276 2007 cuspide
1299 1943 1474 1991 vulnus
1494 1962 1506 1990 :

239 2007 422 2055 Obvius
445 2009 731 2071 adversoque
754 2010 974 2069 occurrit,
998 2026 1140 2072 seque
1161 2010 1264 2056 viro
1286 2009 1361 2056 vir

239 2071 474 2133 Contulit,
497 2074 628 2122 haud
648 2076 780 2123 furto
802 2075 983 2134 melior,
1006 2075 1090 2123 sed
1111 2075 1314 2123 fortibus
1338 2074 1497 2122 armis.
1729 2071 1826 2120 735

238 2137 367 2186 Tum
390 2156 530 2203 super
551 2140 791 2204 abjectum
812 2141 969 2204 posito
991 2141 1110 2204 pede
1131 2141 1270 2187 nixus
1293 2143 1344 2187 et
1366 2141 1507 2187 hasta
1526 2159 1537 2186 :

238 2203 358 2252 Pars
379 2205 493 2254 belli
513 2206 644 2253 haud
664 2207 936 2266 temnenda,
958 2206 1063 2265 viri,
1079 2206 1208 2270 jacet
1231 2206 1356 2254 altus
1380 2205 1572 2254 Orodes.

238 2268 553 2318 Conclamant
575 2271 690 2319 socii
711 2271 878 2319 laetum
900 2288 1065 2334 paeana
1086 2272 1252 2320 secuti.

238 2333 330 2383 Ille
353 2338 515 2384 autem
537 2337 805 2400 exspirans:
842 2340 868 2362 “
887 2337 1003 2384 Non
1025 2353 1116 2395 me,
1140 2337 1425 2400 quicumque
1448 2352 1512 2396 es,
1536 2333 1706 2393 inulto,

238 2399 421 2460 Victor,
444 2417 532 2450 nec
551 2401 751 2466 longum
772 2403 994 2450 laetabere
1014 2422 1026 2450 :
1059 2404 1110 2449 te
1133 2419 1319 2465 quoque
1341 2403 1443 2450 fata
1728 2397 1758 2446 7
1761 2399 1826 2446 40

237 2464 555 2530 Prospectant
577 2468 721 2531 paria,
746 2470 889 2531 atque
913 2468 1076 2516 eadem
1098 2483 1211 2515 mox
1234 2484 1346 2515 arva
1367 2465 1604 2516 tenebis.‘’

237 2531 319 2578 Ad
340 2549 482 2595 quem
504 2533 749 2581 subridens
771 2534 925 2581 mixta
939 2533 1218 2581 'Mezentius
1240 2532 1311 2580 ira
1330 2553 1341 2580 ε

237 2598 266 2621 “
280 2596 428 2645 Nunc
444 2614 638 2646 morere.
690 2599 786 2646 Ast
803 2599 861 2647 de
878 2615 955 2647 me
977 2599 1142 2647 divum
1163 2601 1299 2662 pater
1316 2600 1459 2662 atque
1475 2597 1725 2647 hominum
1741 2610 1822 2644 rex

236 2660 475 2710 Viderit.''
545 2663 657 2712 Hoc
675 2664 833 2713 dicens
857 2665 1021 2713 eduxit
1044 2681 1235 2729 corpore
1257 2664 1425 2714 telum.

237 2725 337 2775 Olli
362 2727 481 2776 dura
502 2730 633 2792 quies
657 2731 816 2778 oculos
839 2733 889 2778 et
911 2731 1088 2779 ferreus
1110 2733 1255 2794 urget
1723 2728 1820 2776 745

237 2791 444 2841 Somnus
464 2813 476 2851 ;
508 2795 560 2843 in
582 2797 811 2843 aeternam
835 2797 1123 2845 clauduntur
1144 2796 1328 2845 lumina
1347 2795 1553 2845 noctem.

237 2855 454 2912 Caedicus
476 2859 770 2919 Alcathoum
791 2862 1063 2926 obtruncat,
1085 2862 1303 2920 Sacrator
1324 2860 1590 2935 Hydaspen
1608 2877 1624 2926 ς
