1988 3034
825 122 872 158 1’.
894 117 1131 158 maun
1150 118 1392 159 maome

318 244 413 303 Do,
437 241 566 307 quod
586 239 688 301 vis;
722 241 775 290 et
795 256 874 290 me
894 239 1148 304 victusque
1168 239 1427 304 volensque
1447 239 1662 291 remitto.

318 309 598 358 Sermonem
618 306 825 357 Ausonii
845 307 1059 370 patrium
1080 322 1330 370 moresque
1351 307 1618 368 tenebunt;

317 374 487 438 thue
508 376 597 434 est,
620 389 797 422 nomen
819 373 939 432 erit3
974 372 1224 422 commixti
1245 388 1439 437 corpore
1459 375 1656 423 tantum

318 439 579 488 Subsident
601 439 787 487 Teucri.
858 439 1050 488 Morem
1066 439 1282 503 ritusque
1304 455 1549 487 sacrorum

317 505 571 569 Adjiciam,
593 505 857 568 faciamque
880 521 1045 553 omnes
1067 521 1164 552 uno
1187 521 1268 553 ore
1291 504 1507 553 Latinos.

317 571 452 620 Hinc
474 586 625 635 genus
646 571 861 620 Ausonio
883 570 1092 619 mixtum
1115 570 1242 634 quod
1264 570 1494 634 sanguine
1515 573 1695 637 surget,

318 637 474 702 Supra
492 637 725 696 homines,
749 652 891 701 supra
910 636 980 684 ire
1003 637 1114 685 deos
1136 636 1317 700 pietate
1338 636 1548 696 videbis3

318 703 427 752 Nec
447 719 565 766 gens
587 702 687 751 ulla
707 705 819 752 tuos
845 719 979 766 aeque
1002 702 1259 750 celebrabit
1282 701 1536 751 honores.”

316 769 508 816 Annuit
530 768 606 816 his
630 768 666 815 J
666 785 777 828 uno,
801 771 852 816 et
874 770 1087 816 mentem
1109 767 1276 816 laetata
1295 768 1507 816 retorsit.

317 833 513 882 Interea
533 834 718 883 excedit
740 834 874 892 coelo,
897 835 1166 897 nubemque
1186 833 1395 896 reliquit.

385 899 482 947 His
505 899 640 960 actis,
663 899 794 948 aliud
818 899 1018 948 Genitor
1040 916 1201 947 secum
1221 899 1322 963 ipse
1344 898 1549 959 volutat,

319 965 677 1028 «Iuturnamque
698 967 837 1029 parat
859 965 1019 1013 fratris
1042 965 1285 1013 dimittere
1307 965 1367 1013 ab
1390 965 1547 1013 armis.

317 1030 563 1082 Dicuntur
585 1032 787 1096 geminae
808 1033 965 1096 pestes
988 1031 1270 1095 cognomine
1293 1030 1442 1090 Dirae,

319 1097 448 1156 Quas
471 1099 523 1146 et
545 1097 822 1146 Tartaream
844 1096 960 1144 Nox
980 1097 1271 1160 intempesta
1294 1096 1563 1160 Megaeram

317 1162 432 1211 Uno
455 1162 712 1226 eodemque
734 1162 852 1210 tulit
873 1164 1030 1225 partu,
1053 1162 1337 1226 paribusque
1358 1161 1565 1210 revinxit

318 1228 606 1292 Serpentum
630 1228 782 1292 spiris,
805 1230 1120 1291 ventosasque
1142 1227 1327 1276 addidit
1350 1228 1463 1276 alas,

317 1293 416 1342 Hae
440 1293 477 1341 J
478 1295 579 1343 ovis
603 1295 664 1342 ad
686 1294 871 1354 solium,
896 1294 1104 1357 saevique
1126 1294 1178 1341 in
1199 1293 1364 1342 limine
1386 1293 1529 1358 regis,

317 1360 583 1424 Apparent,
607 1363 879 1423 acuuntque
901 1362 1088 1408 metum
1110 1359 1391 1408 mortalibus
1414 1359 1573 1424 aegris,

318 1425 373 1473 Si
395 1426 583 1488 quando
606 1426 760 1475 letum
780 1425 1058 1475 horrificum
1079 1425 1364 1490 morbosque
1386 1425 1531 1474 deum
1552 1441 1636 1474 rex

317 1491 541 1552 Molitur‚
564 1492 760 1541 meritas
786 1494 871 1540 aut
892 1492 1016 1541 bello
1038 1492 1233 1540 territat
1255 1491 1412 1541 urbes.

318 1557 514 1605 Harum
535 1574 682 1606 unam
705 1558 904 1607 celerem
928 1557 1120 1606 demisit
1142 1558 1202 1606 ab
1225 1558 1403 1606 aethere
1424 1573 1612 1607 summo

319 1622 531 1687 Jupiter,
553 1624 697 1687 inque
720 1640 858 1672 omen
884 1623 920 1671 J
921 1626 1113 1672 uturnae
1136 1639 1387 1672 occurrere
1395 1623 1558 1687 jussit.

319 1688 416 1736 Illa
436 1690 583 1748 volat,
608 1690 837 1752 celerique
860 1689 919 1737 ad
942 1692 1121 1738 terram
1143 1689 1336 1738 turbine
1358 1690 1541 1737 fertur:

319 1754 437 1802 Non
461 1770 593 1803 secus
617 1771 671 1803 ac
693 1771 838 1803 nervo
861 1771 944 1818 per
966 1755 1145 1803 nubem
1166 1754 1368 1820 impulsa¹
1394 1755 1588 1818 sagitta,

321 1819 574 1868 Armatam
597 1821 709 1868 saevi
732 1820 944 1868 Parthus
970 1835 1113 1883 quam
1134 1819 1242 1868 felle
1262 1820 1447 1879 veneni,

319 1884 546 1945 Parthus,
571 1886 670 1934 sive
694 1885 878 1950 Cydon,
900 1886 1054 1934 telum
1074 1885 1435 1944 immedicabile,
1458 1884 1617 1946 torsit,

320 1950 538 1999 Stridens
562 1954 612 2000 et
636 1951 806 2000 celeres
829 1951 1077 2015 incognita
1098 1951 1312 2000 transilit
1333 1951 1542 2000 umbras.

321 2016 451 2064 Talis
475 2033 524 2064 se
547 2019 652 2065 sata
674 2018 834 2065 Nocte
856 2017 988 2076 tulit,
1012 2019 1257 2082 terrasque
1277 2017 1468 2082 petivit.

321 2081 586 2145 Postquam
610 2083 731 2131 acies
754 2083 887 2131 videt
910 2083 1081 2131 Iliacas
1104 2086 1248 2147 atque
1271 2083 1466 2147 agmina
1487 2082 1653 2145 Turni,

321 2148 467 2195 Alitis
490 2148 542 2195 in
564 2165 721 2211 parvae
744 2149 953 2196 subitam
978 2149 1174 2197 collecta
1194 2149 1416 2213 figuram,

322 2212 440 2271 Quae
464 2214 704 2277 quondam
727 2214 778 2260 in
800 2214 955 2262 bustis
979 2217 1066 2263 aut
1090 2215 1376 2264 culminibus
1400 2213 1600 2263 desertis

321 2277 481 2327 Nocte
505 2279 670 2327 sedens
694 2296 851 2327 serum
875 2280 1004 2328 canit
1026 2280 1304 2344 importuna
1324 2296 1411 2345 per
1431 2279 1654 2340 umbras3

319 2343 466 2392 Hanc
487 2361 623 2393 versa
644 2345 695 2392 in
718 2345 886 2393 faciem
910 2345 1063 2393 Turni
1085 2362 1135 2394 se
1156 2346 1305 2410 pestis
1329 2347 1392 2394 ob
1415 2361 1498 2394 ora

323 2409 534 2473 Fertque
556 2410 794 2473 refertque
817 2427 1003 2470 sonam,
1027 2411 1323 2475 clipeumque
1347 2411 1591 2459 everberat
1614 2410 1715 2463 alis.

322 2474 406 2522 Illi
427 2476 642 2524 membra
663 2493 814 2524 novus
838 2476 982 2524 solvit
1004 2477 1257 2525 formidine
1277 2480 1446 2540 torpor
1463 2497 1476 2537 3

321 2540 628 2604 Arrectaeque
650 2542 844 2590 horrore
867 2557 1028 2601 comoe,
1053 2545 1104 2590 et
1124 2559 1218 2591 vox
1239 2543 1455 2592 faucibus
1477 2539 1634 2592 haesit.

321 2605 393 2652 At
415 2607 580 2668 procul
601 2609 658 2654 ut
681 2607 812 2654 Dirae
836 2608 1089 2656 stridorem
1112 2608 1314 2673 agnovit
1335 2610 1387 2657 et
1405 2607 1520 2669 alaS,

322 2669 499 2718 Infeiix
521 2672 671 2720 crines
695 2672 870 2721 scindit
893 2673 931 2720 J
930 2675 1109 2721 utuma
1129 2674 1330 2734 solutOS,

323 2733 580 2797 Unguibus
603 2754 685 2786 ora
707 2754 838 2786 soror
859 2738 1056 2800 foedans,
1080 2741 1132 2788 et
1151 2741 1350 2803 pectora
1369 2738 1571 2803 pugnis:

326 2801 353 2824 ‘⁴
372 2799 498 2859 Quid
519 2818 647 2850 nunc
667 2805 720 2852 te
740 2805 842 2868 tua,
865 2803 1039 2870 Turne,
1061 2806 1230 2870 potest
1247 2820 1475 2871 germana
1486 2805 1657 2871 juvare
1670 2802 1701 2860 P

1808 376 1904 424 835

1809 704 1909 753 840
1984 708 1988 763 ἰ

1811 1033 1908 1082 845

1812 1361 1911 1411 850

1814 1692 1911 1741 855

1815 2020 1915 2069 860
1986 1979 1988 1982 Α

1813 2348 1911 2397 865

1812 2675 1914 2728 870
