1988 3034
681 105 920 147 minoe
941 106 1049 146 m.
1073 106 1147 145 11.

117 224 431 288 candentem,
451 225 722 294 pariterque
744 230 891 293 caput
912 244 1024 278 cum
1044 228 1200 277 matre
1223 224 1471 287 ferentem,

26 338 35 352 ,
117 294 155 344 J
156 312 235 344 am
257 311 407 345 cornu
426 297 564 359 petat
584 298 637 343 et
658 294 859 358 pedibus
882 295 966 358 qui
992 297 1190 359 spargat
1211 293 1454 344 arenam.”

20 371 37 397 ⁸
115 361 292 411 Audiit
307 364 359 410 et
380 361 488 410 eoeli
509 360 714 409 Genitor
735 361 795 409 de
816 364 952 424 parte
975 377 1141 409 serena

27 434 31 445 '
117 426 347 476 Intonuit
366 427 567 476 laevum:
602 430 743 475 sonat
765 442 864 474 una
885 426 1047 475 fatifer
1069 443 1220 475 arcus.

116 493 311 558 Effugit
331 493 621 542 horrendum
644 492 851 541 stridens
875 492 1084 541 adducta
1106 492 1315 557 sagitta3

117 558 305 624 Perque
326 566 471 624 caput
496 559 688 607 Remuli
710 559 858 616 venit,
882 562 933 606 et
955 575 1071 607 cava
1091 563 1310 623 tempora
1330 557 1454 608 ferro

115 624 331 690 Trajicit.
401 631 429 650 “
446 625 488 683 Ι,
511 626 667 673 verbis
690 625 920 672 virtutem
944 625 1091 673 illude
1114 625 1343 688 superbis.

116 689 207 739 Bis
228 691 357 755 capti
382 691 601 754 Phrygae
618 690 723 738 haec
745 690 944 738 Rutulis
966 707 1191 754 responsa.
1210 689 1521 739 remittunt.'·’

116 756 231 805 Hoc
251 761 445 805 tantum
462 757 710 804 Ascanius.
782 755 952 803 Teucri
973 756 1176 804 clamore
1199 760 1480 819 sequuntur,

116 821 405 886 Iaaetitiaque
422 822 648 880 fremunt,
670 820 946 884 animosque
968 821 1030 868 ad
1052 822 1206 869 sidera.
1226 821 1426 870 tollunt.

115 887 340 937 AEtheria
360 891 468 936 turn
491 887 615 935 forte
636 886 781 951 plaga
801 887 1002 934 crinitus
1023 886 1201 950 Apollo

115 953 336 1018 Desuper
355 953 592 1002 Ausonias
620 953 742 1000 acies
764 953 1023 1015 urbemque
1043 953 1254 1012 videbat,

115 1019 264 1068 'Nube
284 1019 467 1078 sedena,
488 1022 633 1083 atque
654 1019 730 1067 his
752 1018 983 1066 victorem
1006 1018 1181 1066 affatur
1197 1018 1389 1068 Iulum:

117 1090 145 1111 ‘⁸
159 1085 327 1134 Macte
347 1101 473 1134 nova
491 1084 689 1143 virtute,
711 1101 856 1149 puer3
891 1085 958 1132 sic
980 1084 1081 1133 itur
1102 1084 1164 1133 ad
1185 1087 1329 1143 astra,

116 1151 209 1200 ms
230 1151 410 1215 genite,
431 1153 484 1199 et
504 1150 726 1214 geniture
748 1150 876 1198 deos.
944 1149 1067 1199 Jure
1089 1150 1251 1199 omnia
1271 1149 1397 1200 bella

116 1216 276 1266 Gente
297 1217 388 1266 sub
409 1217 630 1266 Assaraci
651 1217 753 1266 fato
775 1218 979 1264 ventura
992 1216 1204 1265 resident
1222 1237 1235 1264 ε

115 1282 169 1332 N
169 1299 223 1331 ec
243 1286 297 1332 te
318 1282 464 1348 Troja
483 1282 661 1347 capit.”
732 1282 887 1330 Simul
907 1282 1009 1331 haec
1032 1283 1204 1331 effatus
1226 1281 1287 1330 ab
1309 1281 1409 1331 alto

116 1348 318 1399 AEthere
339 1365 391 1398 se
411 1349 586 1407 mittit,
608 1349 842 1413 spirantes
865 1349 1076 1397 dimovet
1099 1364 1252 1407 auras,

115 1416 470 1480 Ascaniumque
577 1414 631 1463 ‘t.
699 1414 929 1463 Formam
949 1416 1059 1462 tum
1080 1414 1291 1462 vertitur
1311 1412 1407 1462 oris

115 1482 389 1546 Antiquam
410 1481 462 1529 in
533 1483 665 1529 uten.
736 1480 836 1529 Hic
858 1479 1103 1528 Dardanio
1125 1479 1352 1528 Anchisa)

116 1547 343 1612 Armiger
363 1553 476 1595 ante
499 1546 607 1605 suit,
629 1545 847 1610 fidusque
866 1544 928 1592 ad
944 1545 1112 1594 limina
1133 1548 1323 1604 custos;

115 1612 245 1662 Tum
268 1613 494 1662 comitem
516 1612 723 1660 Ascanio
744 1614 882 1676 pater
902 1610 1103 1659 addidit.
1172 1610 1287 1659 Ibat
1309 1608 1482 1678 Apollo

115 1677 295 1728 Omnia
314 1678 537 1744 longaevo
559 1676 744 1736 similia,
767 1693 1026 1740 vocemque
1049 1677 1362 1741 coloremque,

116 1743 190 1794 Et
210 1745 363 1794 crinea
385 1744 518 1793 albos
539 1749 591 1792 et
613 1759 744 1792 saeva
765 1743 1014 1791 sonoribus
1037 1759 1197 1803 arma3

115 1812 282 1875 Atque
302 1810 379 1860 his
400 1810 648 1859 ardentem
670 1809 811 1858 dictis
835 1809 1010 1857 affatur
1033 1808 1222 1859 Iulum:

116 1880 147 1904 ⁸‘
162 1876 240 1926 Sit
254 1877 388 1936 eatis,
409 1875 639 1936 AEneada,
661 1875 772 1924 telis
794 1875 989 1939 impune
1011 1875 1295 1922 Numanum

281 1943 310 1954 “
403 1943 502 1992 tuis
518 1942 748 2006 3primam
769 1941 893 1989 hanc
915 1940 1007 1989 tibi
1028 1956 1232 2004 magnus
1256 1938 1430 2003 Apollo

117 2008 352 2059 Concedit
371 2007 576 2066 laudem,
599 2010 651 2056 et
671 2006 865 2071 paribus
887 2022 983 2055 non
1005 2005 1190 2054 invidet
1212 2005 1387 2064 armis;

120 2074 294 2123 Cetera
313 2089 468 2139 parce,
488 2089 620 2138 puer,
641 2072 815 2120 belle.”
888 2071 966 2120 Sic
989 2087 1123 2119 orsus
1146 2069 1321 2134 Apollo

118 2139 354 2189 Mortales
367 2138 523 2188 medio
545 2141 763 2203 aspectus
786 2153 1000 2186 sermone
1022 2136 1228 2200 reliquit,

119 2205 193 2255 Et
213 2205 379 2271 procul
400 2205 452 2253 in
473 2209 669 2253 tenuem
691 2220 749 2252 ex
772 2203 919 2253 oculis
942 2203 1136 2251 evanuit
1159 2216 1336 2252 auram.

118 2273 375 2337 Agnovere
396 2270 538 2319 deum
561 2286 775 2334 proceres
798 2269 1052 2333 divinaque
1074 2268 1172 2317 tela

118 2336 428 2395 Dardanide,
450 2336 816 2402 pharetramque
837 2335 954 2399 fuga
974 2351 1159 2383 sensere
1181 2334 1447 2383 sonantem.

119 2401 258 2469 Ergo
278 2402 474 2452 avidum
529 2419 681 2467 ugnae,
711 2401 853 2450 dictis
875 2418 930 2449 ac
952 2401 1148 2449 numine
1173 2399 1361 2458 Phoebi,

120 2469 383 2520 Ananiam
404 2419 687 2534 progibenm
719 2467 811 2531 ipsi
833 2466 883 2515 in
907 2467 1168 2515 certamina
1188 2481 1350 2513 rursus

121 2533 412 2595 Succedunt,
431 2534 705 2597 animasque
730 2533 777 2580 in
802 2535 967 2595 aperta
988 2532 1198 2596 pericula
1219 2529 1444 2579 mittunt.

122 2599 179 2651 It
200 2601 378 2650 clamor
397 2600 517 2650 totis
539 2616 623 2664 per
644 2597 1000 2662 propugnacula
1022 2597 1197 2645 muris:

122 2666 398 2717 Intendunt
418 2682 547 2715 acres
567 2682 718 2723 arcus,
741 2668 1024 2727 amentaque
1046 2664 1291 2726 torquent.

123 2732 371 2783 Sternitur
389 2747 531 2782 omne
550 2732 703 2781 solum
727 2730 859 2789 telis;
891 2734 997 2778 tum
1022 2733 1160 2778 scuta
1181 2743 1406 2793 cavaeque

123 2797 265 2853 Dant
283 2795 499 2852 tonitam
517 2797 656 2850 flictu
676 2796 856 2865 galeam
887 2812 1051 2865 pugna
1070 2810 1236 2865 aspera
1255 2795 1443 2863 nurgitz

1606 353 1712 408 630

1607 689 1709 739 635

1607 1018 1709 1068 640

1607 1347 1705 1396 645

1606 1677 1707 1725 650

1607 2003 1708 2052 055

1611 2332 1709 2381 660

1609 2661 1709 2712 666
