1988 3034
651 118 892 161 mo!
913 120 1018 160 m
1040 121 1115 187 [Χ

86 244 216 307 Quid
235 243 460 305 facerent,
483 240 650 306 quisve
669 240 840 292 AEneae
853 241 959 308 jam
978 240 1182 291 nuncius
1203 243 1357 297 esset:

85 312 235 361 Stant
254 310 413 376 longis
433 305 598 360 adnixi
617 303 787 369 hastis,
809 310 861 358 et
883 309 1022 358 scuta
1040 308 1279 368 tenentes,

85 377 369 427 Castrorum
389 377 443 427 et
464 373 622 440 campi
642 373 817 423 medio.
885 373 1015 422 Tum
1036 373 1188 423 Nisus
1210 372 1262 423 et
1283 389 1382 423 una
1577 372 1678 424 230

85 442 327 508 Euryalus
350 441 604 492 confestim
626 439 801 489 alacres
824 439 1071 489 admittier
1093 441 1261 490 orant:

85 508 214 559 Rem
234 525 476 574 magnam,
498 505 800 573 pretiumque
822 523 967 556 morae
989 506 1107 555 fore,
1175 505 1370 555 Primus
1391 501 1529 556 Iulus

84 575 289 640 Accepit
309 575 537 640 trepidos,
560 590 615 622 ac
636 570 816 621 Nisum
838 572 992 622 dicere
1006 572 1172 637 jussit.

86 640 216 690 Tutn
237 641 306 690 sic
326 639 649 706 Hyrtacides:
685 640 713 664 “
732 637 915 687 Audite
937 656 967 687 o
988 637 1234 687 mentibus
1258 632 1414 702 aequis‘

84 706 328 766 AEneadae‚
349 723 469 756 neve
489 706 591 755 haec
612 704 790 753 nostris
814 706 1092 768 spectentur
1113 705 1173 752 ab
1196 704 1349 765 annis,
1580 699 1677 753 235

87 772 208 832 Quae
229 772 440 821 ferimus.
509 770 686 819 Rutuli
707 786 874 818 somno
896 770 1104 832 vinoque
1126 766 1275 818 soluti

86 836 400 898 Conticuere;
431 837 593 885 locum
614 834 799 883 insidiis
822 836 1151 899 conspeximus
1173 833 1281 897 ipsi,

86 903 182 963 Qui
203 906 340 968 patet
360 903 413 952 in
433 901 563 950 bivio
583 903 750 966 portae,
773 917 878 965 quae
899 901 1116 964 proxima
1135 901 1286 963 ponto
1304 921 1316 959 3

85 967 360 1034 Interrupti
379 968 531 1033 igneS,
554 970 749 1032 aterque
771 966 833 1015 ad
855 966 1010 1015 sidera
1030 967 1194 1015 fumus
1663 1027 1666 1029 Α

84 1034 337 1100 Erigitur3
369 1035 411 1083 si
431 1034 627 1082 fortuna
646 1032 930 1098 permittitis
951 1033 1042 1092 uti,
1582 1029 1679 1081 210

85 1100 359 1160 Quaedtum
379 1099 567 1149 AEnean
590 1099 650 1148 ad
670 1099 849 1148 moenia
870 1098 1121 1158 Pallantea

85 1166 210 1216 Mox
229 1166 309 1215 hic
331 1182 443 1215 cum
464 1165 641 1230 spoliis,
661 1164 851 1229 ingenti
874 1164 1002 1213 caede
1024 1169 1230 1229 peracta,

84 1233 251 1283 Affore
273 1231 490 1281 cernetis.
558 1231 664 1280 Nec
686 1248 774 1280 nos
795 1231 875 1279 via
896 1230 1020 1279 fallit
1043 1235 1240 1280 euntes:

84 1297 308 1347 Vidimus
330 1297 542 1347 obscuris
563 1297 768 1362 primam
791 1296 880 1345 sub
901 1296 1105 1346 vallibus
1128 1298 1294 1347 urbem

84 1362 281 1414 Venatu
301 1364 490 1413 assiduo
513 1365 564 1412 et
584 1365 749 1412 totum
771 1363 1082 1427 cognovimus
1105 1380 1312 1411 amnem.
1581 1360 1680 1411 245

85 1429 188 1479 Hic
209 1430 347 1479 annis
368 1428 528 1495 gravis
550 1430 695 1493 atque
717 1427 866 1477 animi
887 1432 1105 1476 maturus
1129 1428 1295 1477 Aletes
1314 1450 1324 1476 :

86 1494 157 1544 Di
177 1496 337 1560 patrii,
360 1511 564 1560 quorum
585 1510 771 1558 semper
793 1493 883 1543 sub
905 1494 1102 1543 numine
1126 1491 1271 1560 Troja
1293 1497 1383 1553 est,

85 1560 204 1611 Non
225 1564 391 1610 tamen
413 1561 608 1610 omnino
630 1560 838 1609 Teucros
862 1559 1016 1608 delere
1038 1561 1232 1624 paratis,

86 1627 250 1688 Quum
271 1628 392 1677 tales
414 1627 598 1675 animos
612 1626 847 1691 juvenum
869 1628 920 1674 et
942 1627 1046 1674 tam
1068 1628 1199 1675 certa
1220 1624 1403 1674 tulistis

86 1692 341 1743 Pectora.”
410 1692 489 1741 Sic
510 1708 793 1752 memorans,
814 1691 1038 1740 humeros
1062 1691 1346 1756 dextrasque
1368 1691 1565 1741 tenebat
1583 1687 1682 1741 250

86 1759 370 1818 Amborum,
392 1761 444 1808 et
465 1757 658 1807 vultum
677 1757 885 1807 lacrimis
908 1759 1053 1821 atque
1076 1774 1159 1807 ora
1179 1757 1396 1823 rigabat:

87 1827 115 1851 ‘⁴
131 1824 247 1885 Quae
268 1825 418 1884 vobis,
441 1841 545 1890 quse
567 1824 728 1889 digna,
750 1823 856 1883 viri,
878 1840 966 1888 pro
987 1823 1207 1873 laudibus
1229 1824 1336 1873 istis

87 1890 292 1940 Praemia
312 1907 450 1955 posse
470 1907 575 1940 rear
596 1890 716 1939 solvi
732 1889 757 1940 Ρ
789 1889 1110 1967 pulcherrima
1130 1891 1340 1955 primum

88 1956 156 2006 Di
177 1973 424 2021 moresque
447 1957 633 2006 dabunt
654 1958 832 2016 vestri3
864 1958 975 2005 tum
998 1958 1156 2006 cetera
1176 1956 1345 2006 reddet

85 2022 327 2072 Actutum
347 2022 455 2087 pius
478 2021 668 2081 AEneas,
691 2024 835 2086 atque
856 2021 1045 2086 integer
1066 2021 1155 2070 aevi
1585 2022 1682 2071 255

86 2088 336 2147 Ascanius,
358 2087 521 2137 meriti
541 2087 671 2136 tanti
691 2104 790 2136 non
811 2087 1063 2136 immemor
1084 2104 1310 2151 unquam.

86 2152 249 2203 Immo
270 2170 362 2219 ego
383 2170 484 2214 vos,
506 2153 584 2202 cui
605 2153 706 2203 sola
726 2153 852 2202 salus
875 2153 1092 2218 genitore
1114 2153 1327 2214 reductu,

86 2218 287 2284 Excipit
308 2218 556 2279 Ascanius,
579 2235 664 2283 per
684 2235 899 2283 magnos,
923 2219 1058 2279 Nise,
1081 2219 1303 2279 Penates,

84 2285 398 2350 Assaracique
419 2284 608 2346 Larem,
632 2287 683 2334 et
704 2302 833 2334 canae
854 2285 1116 2350 penetralia
1136 2284 1319 2346 Vestae,

84 2349 317 2402 Obtestor
334 2367 725 2416 z—quoecumque
745 2350 868 2400 mihi
888 2351 1084 2400 fortuna
1104 2351 1313 2417 fidesque
1336 2352 1412 2402 est
1584 2352 1682 2402 260

84 2416 151 2468 In
171 2417 343 2468 vestris
365 2434 491 2483 pono
512 2417 993 2483 gremiis—revocate
1015 2420 1291 2483 parentem3

84 2482 296 2534 Reddite
317 2487 624 2549 conspectum
641 2505 653 2544 ;
686 2483 809 2532 nihil
829 2483 913 2533 illo
934 2485 1076 2533 triste
1098 2485 1304 2548 recepto.

84 2548 215 2599 Bina
235 2550 358 2600 dabo
380 2553 580 2615 argento
603 2549 814 2613 perfecta.
835 2552 979 2614 atque
1003 2566 1167 2614 aspera
1188 2548 1338 2615 signis

84 2614 280 2677 Pocula,
303 2615 491 2666 devicta
511 2617 703 2680 genitor
724 2633 830 2680 quae
851 2617 979 2680 cepit
1002 2616 1203 2676 Arisba3

82 2679 158 2732 Et
178 2682 389 2747 tripodas
410 2683 641 2748 geminos,
666 2682 768 2731 auri
790 2682 886 2731 duo
908 2698 1084 2746 magna
1105 2681 1317 2744 taleam
1422 2742 1424 2744 V
1581 2680 1681 2730 265

84 2744 286 2797 Cratera
306 2748 574 2814 antiquum,
591 2765 734 2814 quem
757 2747 843 2797 dat
865 2747 1060 2797 Sidonia
1081 2746 1227 2798 Dido.

84 2810 140 2866 si
161 2830 272 2867 vero
294 2829 458 2882 capere
480 2814 677 2867 Italiam
699 2813 991 2882 sceptrisque
1012 2813 1160 2882 potiri
