1988 3034
749 146 795 181 Ρ.
818 142 1056 182 wasnau
1077 141 1317 182 maome

236 263 472 318 Omnibus
494 265 569 314 est
590 261 736 312 vitae:
772 262 856 312 sed
876 262 1055 311 samam
1078 261 1329 312 extendere
1351 262 1507 324 factis,

235 333 350 383 Hoc
370 330 567 380 virtutis
591 345 725 393 opuS.
794 329 952 393 Trojae
977 330 1066 377 sub
1087 329 1326 378 moenibus
1348 329 1460 378 altis

236 399 335 447 Tot
355 398 459 446 nati
482 394 687 445 cecidere
709 395 850 443 deum
868 415 880 455 3
914 395 1030 459 quin
1051 396 1227 444 occidit
1247 411 1344 444 una
1727 390 1830 444 470

237 464 492 527 Sarpedon,
516 477 624 510 mea
645 461 908 525 progenies.
977 461 1145 510 Etiam
1168 478 1255 509 sua
1275 461 1496 509 Turnum

237 530 364 579 Fata
383 530 572 587 vocant,
596 529 841 591 metasque
863 527 966 574 dati
987 527 1204 590 pervenit
1227 527 1288 574 ad
1308 527 1448 574 aevi.'’

237 595 316 645 Sic
339 595 422 653 ait,
446 597 589 659 atque
612 593 771 642 oculos
795 592 1092 640 Rutulorum
1113 593 1268 656 rejicit
1291 593 1435 641 arvis.

236 662 309 711 At
333 661 491 708 Pallas
513 659 700 723 magnis
723 659 908 707 emittit
930 658 1111 707 viribus
1132 659 1339 717 hastam,
1811 696 1817 709 -,

239 726 544 791 [Vaginaque
566 741 682 773 cava
702 725 970 789 fulgentem
991 724 1166 788 deripit
1188 722 1389 787 ensem.]
1730 723 1830 775 475

236 791 333 841 Illa
354 791 533 850 volans,
554 791 767 839 humeris
790 793 998 854 surgunt
1020 807 1114 853 qua
1134 789 1352 854 tegmina
1371 804 1573 852 summa,

239 857 435 917 Incidit,
459 860 603 920 atque
625 856 754 904 viam
777 855 915 919 clipei
937 856 1108 904 molita
1127 872 1212 919 per
1234 871 1354 915 oras,

240 922 456 971 Tandem
479 923 627 971 etiam
648 937 824 986 magno
847 921 1045 970 strinxit
1068 922 1127 969 de
1149 937 1343 985 corpore
1364 919 1532 970 Turni.

238 988 340 1037 Hic
364 989 555 1036 Turnus
577 988 700 1036 ferro
722 988 971 1051 praefixum
994 987 1139 1036 robur
1160 991 1302 1037 acuto

239 1052 304 1103 In
326 1053 549 1103 Pallanta
571 1054 654 1101 diu
674 1053 854 1102 librans
869 1054 1005 1118 jacit,
1029 1055 1172 1116 atque
1193 1054 1266 1102 ita
1286 1053 1447 1102 fatur:
1730 1054 1833 1102 480

236 1123 269 1186 ,“
285 1118 473 1184 Aspice,
496 1136 614 1168 num
636 1135 776 1182 mage
798 1119 864 1167 sit
885 1122 1106 1167 nostrum
1128 1118 1420 1182 penetrabile
1441 1115 1646 1169 telum.'’

239 1185 470 1246 Dixerat;
504 1189 556 1233 at
579 1185 798 1248 clipeum,
820 1187 900 1233 tot
922 1185 1034 1232 ferri
1055 1187 1206 1248 terga,
1229 1187 1308 1233 tot
1331 1184 1438 1233 aeris

239 1252 401 1310 Quum
423 1251 559 1315 pellis
581 1251 761 1299 totiens
784 1251 925 1299 obeat
947 1251 1241 1299 circumdata
1261 1251 1406 1310 tauri,

240 1317 465 1366 Vibranti
487 1317 698 1365 medium
721 1317 876 1381 cuspis
899 1317 1253 1365 transverberat
1274 1317 1392 1375 ictu,

241 1382 521 1447 Lorieaeque
543 1399 699 1432 moras
722 1386 773 1431 et
794 1385 961 1446 pectus
984 1383 1193 1446 perforat
1215 1383 1400 1446 ingens.
1731 1382 1834 1432 485

242 1448 335 1498 Ille
355 1450 482 1514 rapit
505 1449 714 1498 calidum
735 1450 913 1497 frustra
934 1449 992 1497 de
1014 1449 1210 1497 vulnere
1230 1448 1411 1497 telum:

242 1514 356 1563 Una
377 1515 632 1578 eademque
654 1515 732 1563 via
753 1515 947 1579 sanguis
971 1515 1251 1578 animusque
1274 1514 1558 1577 sequuntur.

243 1580 438 1629 Corruit
459 1582 511 1628 in
532 1580 704 1628 vulnus
723 1601 733 1640 ;
768 1582 981 1629 sonitum
1004 1597 1145 1644 super
1167 1597 1300 1629 arma
1321 1581 1521 1641 dedere3

243 1645 315 1694 Et
336 1649 516 1695 terram
536 1647 762 1694 hostilem
783 1647 988 1695 moriens
1011 1648 1137 1710 petit
1159 1663 1240 1695 ore
1262 1649 1475 1696 cruento.
1741 1707 1746 1712 .

244 1714 400 1770 Quem
422 1712 612 1760 Turnus
635 1728 775 1775 super
796 1713 1055 1761 adsistens:
1736 1713 1837 1759 490

244 1782 271 1803 “
287 1778 511 1838 ArcadeS,
534 1778 682 1837 haec‚'’
709 1779 881 1842 inquit,
906 1782 933 1803 “
947 1795 1179 1827 memores
1202 1793 1310 1827 mea
1331 1777 1462 1827 dicta
1482 1775 1655 1828 referte

163 1873 166 1877 -
245 1843 498 1892 Evandro:
536 1843 737 1903 Qualem
757 1844 948 1903 meruit,
973 1845 1195 1893 Pallanta
1214 1843 1429 1892 remitto.

244 1909 469 1971 Quisquis
491 1910 643 1958 honos
664 1910 855 1969 tumuli,
879 1910 1110 1974 quidquid
1132 1911 1343 1959 solamen
1363 1909 1596 1961 humandi
1617 1906 1708 1970 est,

245 1973 459 2039 Largior,
530 1975 680 2024 Haud
700 1975 774 2023 illi
804 1976 1003 2024 stabunt
1026 1977 1198 2024 AEne'ia
1218 1993 1366 2039 parvo

245 2040 523 2104 Hospitia.’'
593 2041 664 2089 Et
685 2041 806 2090 laevo
827 2042 1002 2105 pressit
1023 2043 1142 2106 pede
1164 2043 1282 2090 talia
1302 2043 1433 2090 fatus
1734 2041 1835 2089 495

246 2106 547 2166 Exanimem,
570 2107 757 2171 rapiens
779 2108 1008 2156 immania
1029 2109 1238 2172 pondera
1257 2107 1422 2167 baltei,

245 2170 633 2235 Impressumque
655 2173 950 2222 nefas—una
971 2175 1059 2222 sub
1082 2177 1224 2223 nocte
1239 2173 1398 2238 jugali
1495 2176 1498 2178 ’

245 2236 383 2285 Caesa
403 2255 572 2286 manus
588 2239 822 2301 juvenum
844 2240 982 2297 foede,
1005 2240 1301 2302 thalamique
1324 2238 1592 2301 cruenti,—

245 2303 364 2361 Quae
387 2302 566 2352 Clonus
590 2305 851 2367 Eurytides
873 2305 1029 2352 multo
1053 2306 1302 2353 caelaverat
1323 2321 1439 2353 auro
1459 2325 1470 2353 :
1804 2360 1807 2363 ,

246 2369 354 2427 Quo
375 2385 503 2418 nunc
526 2370 718 2418 Turnus
741 2372 854 2418 ovat
877 2370 1026 2432 spolio
1050 2371 1321 2433 gaudetque
1343 2371 1544 2432 potitus.
1733 2368 1834 2418 500

246 2433 424 2482 Nescia
445 2452 579 2484 mens
601 2435 852 2484 hominum
873 2436 964 2483 fati
986 2436 1220 2499 sortisque
1241 2437 1433 2495 futurae,

246 2498 319 2547 Et
342 2517 526 2549 servare
548 2502 761 2560 modum,
783 2502 923 2549 rebus
947 2501 1136 2549 sublata
1157 2501 1374 2550 secundis
1393 2501 1404 2549 ἓ

246 2563 412 2614 Turno
433 2569 624 2630 tempus
648 2568 754 2627 erit,
776 2583 951 2631 magno
975 2583 1124 2630 quum
1147 2567 1384 2631 optaverit
1406 2566 1592 2615 emtum

247 2628 499 2679 Intactum
522 2633 757 2692 Pallanta,
781 2636 831 2681 et
855 2650 1003 2697 quum
1025 2634 1176 2697 spolia
1195 2634 1291 2681 ista
1311 2633 1531 2696 diemque
1771 2690 1775 2694 ¹

249 2695 432 2744 Oderit.
501 2699 572 2746 At
595 2699 709 2747 socii
730 2699 885 2747 multo
908 2700 1095 2762 gemitu
1116 2699 1414 2762 lacrimisque
1735 2697 1836 2747 505

248 2758 540 2824 Impositum
562 2767 699 2812 scuto
721 2765 933 2813 referunt
956 2765 1180 2814 Pallanta
1199 2765 1482 2827 frequentes.

250 2825 295 2874 Ο
318 2827 453 2876 dolor
475 2831 619 2895 atque
641 2830 783 2882 decus
805 2847 1037 2897 magnum
1057 2831 1267 2883 rediture
1286 2830 1507 2896 parentii
