1988 3034
699 115 940 156 mos
961 118 1068 156 m.
1089 119 1140 156 Χ.

22 205 54 278 Ῑῗ
123 229 317 283 crimen
337 246 472 286 amor
490 233 722 295 vestrum,
744 236 1003 302 formaeque
1023 238 1214 304 insigne
1234 239 1459 304 paterna.

29 333 34 340 .
122 297 345 363 Namque
365 298 541 360 ferunt,
562 301 702 350 luctu
724 301 944 366 Cycnum
967 304 1291 355 Phaethontis
1312 306 1476 370 amati,

17 371 24 416 ζ
66 375 72 380 “
122 363 356 429 Populeas
376 365 505 415 inter
524 367 715 416 frondes
735 370 1050 433 umbramque
1072 388 1289 421 sororum
1364 370 1374 374 ”

30 442 60 499 J
122 429 257 480 Dum
279 432 423 491 canit,
446 435 498 481 et
519 436 741 482 maestum
765 435 912 483 Musa
933 437 1116 485 solatur
1137 455 1361 502 amorem,

123 494 386 546 Canentem
407 498 542 548 molli
563 500 726 563 pluma
747 501 936 551 duxisse
958 506 1214 564 senectam,

47 594 58 599 -
121 561 442 626 Linquentem
464 567 631 624 terras,
654 569 705 615 et
727 567 881 615 sidera
901 585 1016 618 voce
1039 573 1333 633 sequentem.

46 627 52 631 ’
121 625 285 688 Filius,
296 630 500 692 aequales
523 633 780 680 comitatus
804 634 950 683 classe
973 638 1201 696 catervas,

119 692 380 759 Ingentem
401 697 544 745 remis
567 697 863 747 Centaurum
884 704 1134 763 promovet
1154 721 1166 761 ;
1199 702 1283 750 ille

119 758 284 809 Instat
306 777 459 824 aquae,
481 780 741 828 saxumque
762 765 904 813 undis
925 766 1135 814 immane
1157 767 1373 816 minatur

118 825 327 886 Arduus,
349 830 400 875 et
420 828 567 893 longa
588 830 742 878 sulcat
763 831 915 878 maria
935 831 1036 879 alta
1059 833 1232 880 carina.

183 891 275 941 Ille
296 893 443 942 etiam
463 895 631 958 patriis
653 912 828 959 agmen
849 897 945 945 ciet
968 897 1128 946 Ocnus
1151 898 1212 947 ab
1234 898 1344 958 oris,

119 957 351 1008 Fatidicae
372 959 576 1009 Mantus
598 964 650 1010 et
672 962 818 1010 Tusci
838 963 964 1012 filius
987 963 1156 1023 amnis,
1297 963 1303 965 ’

114 1022 214 1085 Qui
233 1041 394 1074 muros
415 1027 676 1092 matrisque
698 1028 832 1077 dedit
853 1030 959 1089 tibi,
983 1030 1199 1090 Mantua,
1222 1046 1480 1090 nomen,—

117 1088 339 1150 Mantua,
361 1092 492 1141 dives
514 1093 641 1142 avis:
676 1095 760 1143 sed
780 1111 879 1143 non
901 1113 1052 1160 genus
1074 1097 1299 1145 omnibus
1319 1113 1488 1150 unum.

117 1155 249 1206 Gens
268 1157 340 1206 illi
359 1158 549 1222 triplex,
571 1161 735 1224 populi
756 1162 846 1210 sub
868 1165 1014 1227 gente
1037 1162 1286 1226 quaterni=

117 1220 232 1337 Iffis:
252 1226 397 1288 oeput
418 1226 631 1302 populis:
667 1226 824 1304 Tusco
847 1229 906 1277 de
929 1229 1160 1306 sanguine
1180 1229 1320 1278 vires.

224 1305 251 1338 c
273 1306 460 1354 quoque
482 1295 772 1358 quingentos
793 1311 845 1342 1n
867 1311 918 1343 se
939 1294 1213 1344 Mezentius
1236 1297 1406 1369 armat,

66 1323 75 1334 ι
115 1352 247 1415 Quos
268 1358 405 1419 patre
428 1357 619 1407 Benaco
641 1359 828 1408 velatus
850 1361 1082 1410 arundine
1104 1362 1275 1426 glauca
1298 1360 1303 1362 ⁷

118 1418 330 1470 Mincius
352 1422 527 1472 infesta
548 1425 754 1474 ducebat
775 1426 827 1474 in
852 1443 1044 1489 aequora
1063 1428 1198 1491 pinu.

182 1485 237 1535 It
258 1488 419 1551 gravis
441 1490 679 1551 Aulestes,
702 1494 994 1555 centenaque
1016 1494 1181 1543 arbore
1202 1492 1379 1541 fluctus

61 1558 70 1583 1
115 1550 349 1602 Verberat
371 1571 654 1620 assurgens:
689 1561 918 1620 spumant
939 1559 1064 1608 vada
1083 1575 1318 1607 marmore
1340 1556 1490 1613 verso.

117 1616 267 1668 Hunc
287 1619 423 1668 vehit
444 1621 667 1671 immanis
689 1623 863 1672 Triton
884 1626 936 1673 et
958 1625 1135 1673 caerula
1156 1624 1339 1690 concha

117 1682 376 1734 Exterrens
399 1686 552 1736 fretas
587 1689 665 1736 cui
686 1688 892 1738 laterum
913 1691 1056 1739 tenus
1077 1690 1267 1754 hispida
1287 1689 1428 1739 nanti

118 1747 273 1800 Frons
293 1751 537 1802 hominem
558 1755 766 1818 praefert‚
787 1755 840 1803 in
861 1756 1037 1819 pristin
1059 1756 1237 1805 desinit
1259 1756 1394 1805 alvus
1411 1776 1425 1817 ;

117 1814 154 1865 Β
267 1833 323 1866 ea
343 1819 560 1869 semifero
582 1821 673 1869 sub
694 1824 886 1885 pectore
907 1825 1178 1871 murmurat
1199 1821 1343 1872 unda.

79 1888 83 1890 ’
162 1883 217 1931 ot
236 1881 349 1932 lecti
370 1901 585 1948 proceres
606 1889 683 1935 ter
704 1887 839 1936 denis
860 1889 1062 1937 navibus
1084 1889 1223 1937 ibant

117 1945 339 1999 Subsidio
360 1950 535 2016 Trqiae,
558 1955 610 2002 et
632 1969 824 2017 campos
846 1954 957 2003 salis
979 1971 1070 2003 aere
1092 1955 1331 2009 secabant.

46 2011 52 2065 Ϊ
72 2075 77 2079 ⁶
181 2012 391 2079 Jamque
412 2017 513 2066 dies
534 2018 654 2067 coelo
676 2022 986 2079 concesserat,
1009 2020 1105 2068 alm
1166 2036 1227 2069 ue
1249 2035 1392 2074 curru

40 2087 45 2090 '
116 2077 391 2147 Noctivago
415 2082 599 2132 Phoebe
620 2085 831 2133 medium
852 2086 1075 2150 pulsabat
1097 2086 1139 2135 Ο
1158 2102 1361 2153 ympum
1379 2105 1394 2136 z

116 2144 310 2206 Encas,
331 2164 484 2212 neque
506 2150 635 2198 enim
657 2151 884 2200 membris
906 2152 992 2201 dat
1014 2168 1128 2202 cura
1149 2150 1377 2218 quietem,

70 2266 78 2284 ο
117 2210 230 2278 Ipse
251 2213 418 2263 sedens
439 2215 719 2280 clavumque
739 2218 867 2282 regit
887 2218 1097 2283 velisque
1119 2218 1379 2267 ministrat.

71 2301 81 2338 ι,
116 2277 282 2344 Atque
302 2279 374 2328 illi
396 2280 553 2331 medio
574 2282 627 2331 in
649 2299 672 2331 s
705 2283 805 2332 atio
828 2284 1002 2334 chorus
1024 2300 1131 2334 ecce
1154 2300 1349 2333 suarum

115 2341 339 2395 Occurrit
359 2347 591 2396 comitum
609 2368 621 2397 :
709 2350 919 2414 ymphae‚
943 2367 1060 2415 quas
1082 2346 1211 2400 alma
1231 2349 1427 2415 Cybebe

117 2406 316 2462 Numen
336 2411 509 2463 habere
531 2414 691 2475 maris,
714 2415 767 2463 N
766 2432 852 2480 ym
884 2417 1064 2481 hasque
1086 2434 1112 2467 e
1134 2417 1335 2466 navibus
1358 2431 1459 2466 esse

68 2474 83 2504 ’·
118 2473 355 2538 summu,
376 2477 609 2529 innabant
630 2480 824 2545 pariter,
881 2485 1115 2546 uetusque
1137 2483 1377 2543 secabant,

119 2539 252 2603 Quot
272 2543 403 2608 prius
424 2547 583 2595 aeratae
606 2548 844 2595 steterant
866 2548 927 2596 ad
946 2546 1091 2597 litora
1111 2562 1281 2614 prorae.

118 2607 407 2674 Agnoscunt
427 2610 446 2659 l
543 2628 571 2661 e
591 2629 770 2677 regem,
793 2613 1097 2677 lustrantque
1119 2613 1319 2663 choreis.

118 2671 347 2736 qurum,
369 2691 479 2740 qno
582 2678 633 2727 di
654 2678 943 2740 doctissima,
966 2679 1268 2743 Cymodocea

119 2735 254 2790 Pone
274 2756 474 2806 sequens
495 2742 664 2794 dextra
684 2746 883 2820 puppim
904 2748 1055 2805 tenet,
1086 2746 1281 2810 ipsaque
1302 2744 1442 2810 dorso

46 2805 55 2812 ”
120 2801 334 2872 Eminet,
354 2822 410 2860 eo
430 2807 550 2862 lava
567 2811 731 2864 tacitis
752 2812 1049 2883 subremigat
1072 2810 1231 2866 undis.

1617 376 1715 425 190

1616 703 1713 753 195

1611 1362 1710 1427 205

1610 1690 1711 1757 210

1611 2018 1710 2069 215

1609 2350 1708 2397 220

1607 2678 1707 2729 225
