1988 3034
689 196 928 235 mos
949 197 1056 233 m.
1076 196 1177 233 111.

139 316 590 378 renduntur-basa,
611 314 1330 382 tequehaecinbelladedisti3

62 429 65 436 .
138 386 214 437 nt
232 401 363 436 nuno
381 383 704 449 nequidquam
724 383 851 432 fallis
872 383 987 432 dea:
1022 383 1107 433 sed
1127 382 1235 447 quis
1258 381 1467 448 Olympo

137 451 412 503 Demissam
430 452 597 500 tantos
617 449 774 499 voluit
795 452 848 498 te
867 450 989 498 ferre
1009 449 1193 498 labores
1212 448 1237 497 Ρ
1634 445 1732 495 635

138 518 222 569 An
242 517 405 566 fi'atris
425 516 589 565 miseri
609 515 764 565 letum
784 517 844 563 ut
866 515 1054 564 crudele
1074 515 1259 564 videres
1275 513 1301 563 Ρ

69 619 73 621 —
137 583 273 634 Nam
294 583 411 648 quid
431 599 523 648 ago
543 581 568 631 Ρ
601 585 688 631 aut
711 597 817 646 quae
830 581 935 645 jam
957 581 1162 646 spondet
1182 581 1380 630 fortuna
1400 577 1607 628 salutem
1627 575 1652 627 Ρ

137 647 254 699 Vidi
275 648 436 698 oculos
459 650 572 697 ante
593 648 695 712 ipse
716 663 848 696 meos
870 664 948 696 me
970 664 1085 696 voce
1105 649 1358 696 vocantem

139 714 444 774 Murranum,
466 731 561 779 quo
582 731 681 763 non
702 716 896 778 superat
917 714 1039 762 mihi
1061 714 1212 762 carior
1232 713 1368 771 alter,

139 781 379 846 Oppetere
398 781 647 844 ingentem
669 782 816 843 atque
836 779 1026 843 ingenti
1046 779 1243 827 vulnere
1264 778 1464 826 vietum.
1635 778 1736 826 640

139 846 331 896 Occidit
352 847 531 906 infelix,
552 862 615 895 ne
635 849 857 894 nostrum
878 845 1081 893 dedecus
1103 844 1259 893 Ufens

138 913 411 977 Aspiceret3
433 911 606 960 Teucri
626 911 883 975 potiuntur
903 926 1097 974 corpore
1119 912 1171 958 et
1192 908 1353 958 armis.

139 978 434 1028 Exscindine
455 977 638 1036 domos,
659 976 712 1024 id
732 976 873 1024 rebus
895 976 1049 1024 defuit
1070 991 1237 1034 unum,

139 1043 389 1109 Perpetiar
403 1042 428 1092 Ρ
461 1043 631 1092 dextra
649 1058 738 1091 nec
759 1042 964 1090 Drancis
987 1042 1118 1091 dicta
1136 1040 1351 1091 refellam
1365 1038 1391 1088 Ρ

139 1109 300 1175 Terga
314 1109 438 1158 dabo
457 1108 482 1158 Ρ
514 1111 567 1158 et
582 1108 803 1157 Turnum
819 1108 1088 1173 fugientem
1104 1108 1212 1157 haec
1226 1110 1357 1156 terra
1377 1104 1560 1156 videbit
1578 1103 1601 1154 Ρ
1636 1107 1735 1155 645

139 1175 309 1241 ‘Usque
327 1175 507 1224 adeone
527 1175 652 1224 mori
672 1174 901 1223 miserum
922 1177 998 1223 est
1017 1174 1042 1223 Ρ
1075 1190 1162 1223 vos
1183 1191 1213 1222 o
1234 1173 1357 1222 mihi
1378 1172 1551 1221 Manes

140 1241 266 1292 Este
284 1242 426 1292 boni:
461 1241 688 1305 quoniam
708 1241 891 1304 superis
913 1256 1078 1289 aversa
1097 1240 1336 1289 voluntas,

141 1307 322 1357 Sancta
341 1307 404 1356 ad
422 1323 509 1356 vos
531 1306 704 1366 anima,
727 1309 872 1371 atque
893 1306 1034 1355 istius
1055 1306 1206 1356 inscia
1226 1306 1374 1370 eulpae

141 1373 458 1432 Descendam,
480 1388 767 1438 magnorum
787 1372 919 1421 haud
940 1389 1153 1436 unquam
1173 1372 1401 1436 indignus
1423 1369 1674 1421 avorum.''

206 1439 305 1488 vix
319 1456 377 1490 es
396 1440 526 1489 fatus
547 1442 678 1488 erat:
712 1439 895 1488 medios
916 1439 1050 1487 volat
1071 1454 1178 1488 eece
1198 1455 1284 1503 per
1305 1438 1469 1486 hostes
1638 1437 1734 1486 65⁰

141 1505 326 1556 Vectus
347 1522 470 1571 equo
491 1507 746 1570 spumante
767 1505 922 1564 Saces,
945 1504 1142 1554 adversa
1162 1504 1345 1568 sagitta

141 1571 341 1621 Saucius
362 1588 459 1631 ora,
481 1571 673 1636 ruitque
693 1571 952 1635 implorans
974 1571 1167 1619 nomine
1189 1570 1436 1620 Turnum:

142 1641 173 1666 ‘⁸
186 1638 363 1697 Turne,
384 1638 436 1687 in
458 1640 512 1687 te
532 1654 754 1702 suprema
773 1637 926 1696 ealus;
961 1637 1183 1686 miserere
1203 1638 1416 1685 tuorum.

143 1701 396 1754 Fulminat
415 1701 594 1752 AEnees
617 1703 775 1762 armis,
798 1719 1103 1767 summasque
1123 1702 1338 1751 minatur

142 1769 458 1836 DeJ'ecturum
479 1786 608 1818 arces
632 1769 831 1827 Italum,
854 1769 1128 1833 excidioque
1150 1769 1375 1817 daturum
1394 1788 1405 1827 ;
1639 1768 1738 1816 655

143 1835 352 1902 Jamque
372 1836 498 1885 faces
519 1835 581 1884 ad
602 1838 735 1884 tecta
755 1835 935 1883 volant.
1005 1834 1069 1883 In
1090 1837 1142 1883 te
1164 1851 1248 1883 ora
1268 1834 1451 1894 Latini,

145 1901 209 1952 In
228 1905 282 1952 te
302 1901 462 1952 oculos
483 1902 724 1951 referunt:
759 1903 944 1950 mussat
966 1917 1049 1950 rex
1070 1901 1173 1965 ipse
1195 1900 1419 1959 Latinus,

143 1967 276 2029 Quos
296 1984 496 2034 generos
516 1971 672 2026 vocet,
694 1971 781 2016 aut
803 1984 912 2030 quoe
937 1983 1038 2016 sese
1059 1967 1122 2015 ad
1141 1967 1321 2017 foedera
1340 1966 1519 2029 flectat.

145 2033 383 2085 Prnterea
402 2034 581 2100 regina,
602 2033 678 2082 tui
701 2033 947 2092 fidissima,
967 2034 1138 2082 dextra

144 2097 335 2151 Occidit
356 2100 460 2166 ipsa
480 2116 580 2157 sua,
601 2099 849 2163 lucemque
871 2098 1100 2148 exterrita
1119 2097 1263 2162 fugit.
1641 2098 1741 2147 660

145 2165 245 2217 Soli
267 2182 354 2231 pro
373 2166 527 2231 portis
550 2164 713 2215 Messa
747 2181 802 2213 us
825 2167 877 2214 et
899 2180 1006 2214 acer
1027 2164 1203 2212 Atinas

146 2230 434 2282 sustentant
455 2232 620 2280 aciem.
731 2231 883 2280 iteum
904 2230 993 2280 hos
1015 2230 1257 2294 utrimque
1279 2228 1538 2295 phalanges

145 2297 293 2348 Stant
313 2298 484 2357 densae,
506 2296 780 2362 strictisque
803 2313 938 2362 seges
960 2296 1266 2346 mucronibus
1287 2295 1454 2345 horret

148 2362 348 2414 Ferrea?
380 2367 440 2412 tu
461 2379 653 2412 currum
675 2364 863 2412 deserto
884 2363 935 2411 in
958 2362 1174 2427 grmnine
1195 2362 1404 2411 versas.”

147 2426 415 2495 Obstupuit
435 2430 567 2478 varia
586 2430 812 2479 confusus
834 2429 1043 2493 imagine
1065 2445 1224 2477 rerum
1643 2426 1740 2475 665

148 2492 355 2556 Turnus,
377 2499 429 2545 et
449 2496 628 2545 obtutu
649 2496 800 2545 tacito
823 2496 979 2544 stetit.
1048 2494 1247 2543 AEstuat
1269 2494 1439 2559 ingens

149 2559 263 2611 Uno
283 2562 335 2610 in
357 2561 496 2611 corde
517 2562 685 2626 pudor,
708 2562 953 2626 mixtoque
976 2560 1162 2609 insania
1183 2560 1334 2620 luctu,

151 2626 223 2676 Et
245 2626 404 2677 Furiis
426 2627 639 2693 agitatus
661 2643 809 2685 amor,
832 2630 883 2675 et
905 2626 1094 2675 conscia
1114 2626 1284 2674 virtus.

150 2691 454 2808 minum
476 2693 697 2742 discussae
719 2692 915 2751 umbrae,
938 2695 989 2740 et
1010 2692 1094 2740 lux
1116 2691 1296 2740 reditta
1317 2690 1485 2753 menti,

312 2762 388 2808 tes
409 2759 653 2808 oculorum
677 2757 813 2807 orbes
835 2758 896 2806 ad
918 2756 1096 2806 moenia
1115 2758 1260 2806 torsit
1643 2757 1743 2810 6⁷0

150 2823 407 2885 Turbidus,
428 2841 547 2891 eque
569 2825 688 2874 rotis
711 2839 937 2888 magnam
958 2823 1166 2887 respexit
1187 2823 1249 2872 ad
1270 2822 1452 2875 urbem.

151 2889 281 2942 Ecce
300 2893 479 2956 sutem,
500 2890 707 2941 flammis
728 2890 857 2940 inter
876 2887 1095 2943 tabulata
1113 2887 1309 2941 volutus
