1988 3034
743 141 789 177 1⁸.
811 136 1048 175 vmemn
1081 134 1322 174 Mmoms

244 259 567 309 Cunctantem
589 257 807 321 amplexu
828 257 962 305 molli
982 257 1128 306 fovet.
1197 255 1290 304 Ille
1309 256 1506 319 repente

245 325 446 389 Accepit
469 325 659 373 solitam
681 324 950 382 flammam;
983 326 1220 386 notusque
1241 322 1472 370 medullas

244 390 457 439 Intravit
480 391 618 448 calor,
642 391 692 437 et
714 390 946 437 labefacta
965 406 1050 452 per
1071 405 1177 436 ossa
1198 388 1406 436 cucurrit
1421 408 1434 435 z
1733 385 1834 435 890

244 456 362 504 Non
385 473 517 504 secus
541 459 683 518 atque
705 455 833 513 olim,
856 454 1044 502 tonitru
1067 470 1214 517 quum
1236 456 1380 516 rupta
1402 468 1594 502 corusco

245 522 400 586 Ignea
419 522 540 568 rima
562 521 742 567 micans
764 520 996 583 percurrit
1018 520 1199 566 lumine
1220 519 1424 567 nimbos.

246 588 406 635 Sensit
427 588 538 634 laeta
561 586 680 634 dolis
704 589 754 634 et
778 586 940 633 formae
963 585 1150 633 conscia
1170 585 1356 647 conjux.

246 653 374 700 Tum
396 655 532 715 pater
557 655 736 699 aeterno
758 652 888 699 fatur
911 651 1159 698 devinctus
1183 666 1341 697 amore
1360 668 1374 697 ε

246 722 274 743 “
291 719 419 777 Quid
441 735 602 766 causas
624 717 748 780 petis
772 735 829 765 ex
852 717 949 764 alto
967 715 989 764 Ρ
1026 715 1198 763 fiducia
1220 716 1362 763 cessit
1735 714 1834 762 395

247 784 352 842 Quo
375 784 482 842 tibi,
505 784 628 841 diva,
650 782 784 830 mei}>
821 783 997 830 Similis
1021 782 1061 829 si
1085 798 1196 830 cura
1217 781 1401 839 fuisset,

246 850 375 897 Tum
397 865 582 913 quoque
604 849 674 896 fas
696 848 833 896 nobis
858 849 1063 896 Teucros
1087 847 1456 895 armare-fuisset
1474 865 1486 905 ;

246 915 353 963 Nec
376 914 524 962 Pater
545 915 845 977 omnipotens
869 915 1076 978 Trojam,
1099 930 1185 961 1100
1208 913 1308 960 fata
1329 913 1559 960 vetabant

247 981 398 1038 Stare,
423 981 677 1042 decemque
701 981 815 1027 alios
839 979 1085 1027 Priamum
1108 995 1348 1042 superesse
1369 995 1454 1042 per
1476 993 1642 1026 annOS.

247 1046 320 1094 Et
343 1063 485 1104 nunc,
508 1046 549 1093 si
570 1046 743 1094 bellare
765 1062 915 1109 paras,
940 1049 1084 1109 atque
1106 1045 1207 1092 haec
1230 1044 1323 1092 tibi
1345 1061 1480 1092 mens
1503 1046 1592 1103 est,
1736 1043 1838 1090 400

247 1112 458 1175 Quiquid
479 1111 530 1158 in
553 1114 654 1159 arte
676 1128 783 1159 mea
804 1128 997 1174 possum
1020 1112 1298 1174 promittere
1321 1126 1460 1169 cmae,

248 1178 389 1235 Quod
410 1178 512 1225 fieri
534 1177 656 1225 ferro
679 1178 916 1239 liquidove
939 1180 1100 1240 potest
1123 1177 1314 1235 electro,

247 1244 496 1302 Quantum
517 1243 654 1306 ignes
677 1244 938 1305 animaeque
961 1244 1148 1300 valent3
1183 1243 1360 1290 absiste
1383 1240 1618 1305 precando

246 1307 441 1356 Viribus
463 1308 733 1356 indubitare
754 1308 901 1355 tuis.”
972 1309 1048 1356 Ea
1068 1308 1212 1356 verba
1232 1308 1420 1356 locutus

248 1374 455 1437 Optatos
479 1374 611 1421 ded‘it
626 1374 884 1436 amplexus,
897 1374 1226 1436 placidumque
1248 1373 1424 1436 petivit
1741 1372 1839 1419 405

249 1438 479 1503 Conjugis
503 1439 687 1486 infusus
710 1439 891 1502 gremio
914 1456 998 1502 per
1021 1441 1236 1487 membra
1257 1455 1490 1501 soporem.

316 1505 438 1552 Inde
460 1505 544 1552 ubi
566 1505 720 1568 prima
742 1505 874 1568 quies
900 1505 1055 1553 medio
1072 1506 1175 1569 jam
1197 1506 1353 1552 noctis
1376 1506 1559 1553 abactoe

250 1569 499 1618 Curriculo
522 1571 765 1633 expulerat
789 1587 1037 1630 somnum3
1073 1588 1221 1634 quum
1243 1570 1422 1618 femina
1442 1571 1666 1634 primum,

249 1635 343 1684 Cui
364 1636 566 1683 tolerare
590 1637 692 1683 colo
714 1636 866 1683 vitam
888 1636 1116 1699 tenuique
1140 1636 1366 1683 Minerva

250 1700 557 1765 Impositum,
581 1702 786 1749 cinerem
808 1704 858 1748 et
882 1702 1060 1764 sopitos
1085 1702 1286 1749 suscitat
1310 1702 1445 1764 ignes
1743 1702 1842 1748 410

250 1766 464 1815 Noctem
487 1767 664 1814 addens
688 1767 845 1829 operi3
879 1767 1171 1830 famulasque
1194 1767 1254 1814 ad
1276 1767 1459 1815 lumina
1480 1766 1625 1831 longo

251 1833 459 1880 Exercet
480 1849 641 1896 penso,
665 1835 852 1880 castum
874 1836 932 1879 ut
955 1850 1139 1880 servare
1163 1832 1316 1880 cubile

253 1898 497 1962 Conjugis‚
521 1900 571 1946 et
592 1899 744 1961 possit
767 1915 937 1961 parvos
961 1899 1156 1946 educere
1178 1900 1346 1946 natos:

253 1964 405 2011 Haud
428 1980 561 2012 secus
583 1964 856 2027 ignipotens
879 1981 965 2011 nec
988 1967 1202 2025 tempore
1225 1964 1415 2027 segnior
1438 1963 1519 2011 illo

254 2029 486 2078 Mollibus
509 2046 535 2076 0
558 2032 723 2076 stratis
745 2046 887 2092 opera
909 2030 970 2076 ad
992 2030 1177 2076 fabrilia
1199 2030 1374 2092 surgit.
1744 2030 1842 2077 415

253 2095 422 2143 Insula
443 2095 684 2143 Sicanium
697 2097 842 2158 juxta
861 2095 991 2142 latus
1015 2095 1328 2170 AEoliamque.

253 2161 477 2223 Erigitur
500 2160 720 2222 Liparen,
743 2160 1042 2208 fumantibus
1071 2175 1122 2206 011
1124 2163 1212 2208 dua
1232 2160 1384 2207 saxis:

256 2227 415 2285 Quam
438 2225 602 2272 subter
624 2242 790 2287 specus
814 2228 863 2273 et
888 2225 1152 2288 Cyclopum
1175 2243 1312 2273 exesa
1334 2221 1531 2272 caminis

257 2293 417 2339 Antra
439 2290 629 2337 AEtnaea
650 2293 838 2348 tonant,
862 2291 1098 2353 validique
1120 2291 1371 2337 incudibus
1393 2291 1518 2337 ictus

257 2355 431 2405 Auditi
451 2356 663 2403 referunt
686 2356 919 2418 genitum,
944 2356 1248 2418 striduntque
1271 2355 1484 2403 cavernis
1748 2357 1846 2403 420

259 2422 508 2469 Stricturae
533 2420 818 2484 Chalybum,
841 2424 892 2470 et
913 2421 1180 2468 fornacibus
1202 2421 1328 2484 ignis
1351 2420 1545 2468 anhelat
1564 2438 1574 2479 ;

258 2487 464 2534 Vulcani
485 2486 668 2544 domus,
692 2489 742 2534 et
764 2486 995 2534 Vulcania
1015 2487 1206 2534 nomine
1228 2486 1386 2534 tellus.

260 2553 373 2600 Hoc
394 2554 513 2599 tunc
535 2552 808 2615 ignipotens
831 2553 949 2600 coelo
972 2552 1215 2600 descendit
1239 2553 1298 2599 ab
1321 2552 1435 2599 alto

262 2618 466 2665 Ferrum
488 2618 768 2665 exercebant
791 2621 927 2666 vasto
952 2617 1218 2682 Cyclopes'
1204 2634 1256 2664 111
1279 2620 1431 2676 antro,

264 2682 579 2744 Brontesque,
603 2679 929 2746 Steropesque,
953 2687 1003 2731 et
1025 2684 1181 2731 nudus
1203 2683 1418 2730 membra
1440 2681 1723 2746 Pyracmon.
1748 2685 1846 2733 425

264 2747 362 2795 His
383 2747 694 2795 informatum
715 2749 974 2796 manibus
953 2765 1055 2812 jam
1079 2751 1214 2813 parte
1236 2748 1387 2812 polita

265 2812 473 2862 Fulmen
494 2815 629 2875 erat3
661 2816 769 2862 toto
792 2815 982 2878 genitor
1004 2831 1112 2882 quae
1135 2814 1340 2882 plurima
1361 2812 1478 2869 coelo
