1988 3034
637 120 878 160 mos
897 121 1004 159 m.
1026 119 1126 158 vn.

81 241 326 293 Continuo
348 242 498 302 vates„
521 243 549 267 “
564 238 838 292 Externum
858 239 1145 300 cernimuS,'’
1168 238 1343 307 inquit,

81 308 402 357 “Adventare
421 308 596 368 virum,
617 310 670 356 et
690 310 850 372 partes
872 310 1035 372 petere
1057 324 1229 373 agmen
1251 307 1440 358 easdem

2 407 10 410 -
82 373 311 424 Partibus
333 390 392 423 ex
411 373 579 433 isdem,
600 376 653 423 et
674 390 863 422 summa
883 374 1171 423 dominarier
1191 374 1346 424 arce.’'

82 438 341 499 Praeterea,
362 440 507 488 castis
530 439 691 488 adolet
712 439 830 488 dum
852 440 1022 488 altaria
1042 441 1201 500 taedis,

83 505 161 554 Ut
173 505 319 570 juxta
337 506 607 570 genitorem
628 505 791 554 adstat
813 505 1016 554 Lavinia
1036 507 1190 571 virgo,

83 571 215 631 Visa,
237 572 396 621 nefas!
430 571 589 637 longis
611 572 946 636 comprendere
968 572 1177 621 crinibus
1197 572 1375 637 ignem,

82 638 248 701 Atque
269 654 462 687 omnem
483 640 708 687 ornatum
729 638 925 687 flamma
945 639 1211 703 crepitante
1233 639 1445 700 cremari,

82 703 382 768 Begalaeque
404 720 601 753 accensa
620 720 795 763 comm,
817 721 1014 753 accensa
1033 721 1272 762 coronam,

83 769 336 835 Insignem
355 770 591 834 gemmis3
622 772 733 818 tum
753 770 937 818 fumida
957 770 1138 819 lumine
1159 770 1293 818 fulvo

84 834 291 895 Involvi‚
314 852 369 884 ac
390 836 510 884 totis
532 835 806 884 Vulcanum
826 853 1047 901 spargere
1067 837 1228 885 tectis.

85 901 148 950 Id
168 917 281 950 vero
303 902 593 951 horrendum
616 919 671 950 ac
693 902 800 951 visu
821 903 1038 952 mirabile
1058 903 1198 952 ferri:

84 966 309 1031 Namque
329 968 430 1016 fore
450 968 686 1017 illustrem
707 969 836 1017 fama
856 969 1063 1033 fatisque
1085 969 1321 1019 canebant

0 1032 2 1052 ²
84 1032 278 1098 Ipsam3
301 1034 384 1083 sed
406 1035 581 1098 populo
603 1051 834 1099 magnum
855 1036 1139 1100 portendere
1159 1036 1354 1086 bellum.

0 2054 4 2133 ξ
85 2092 116 2116 ‘6

83 1099 158 1148 At
177 1116 262 1148 rex
283 1100 515 1149 sollicitus
538 1101 766 1149 monstris
788 1102 978 1150 oracula
999 1101 1172 1161 Fauni,

85 1165 295 1215 Fatidici
314 1166 562 1231 genitoris,
585 1167 702 1227 adit,
724 1167 949 1231 lucosque
971 1169 1061 1217 sub
1085 1168 1188 1217 alta

83 1230 307 1281 Consulit
328 1232 575 1282 Albunea:
610 1250 861 1283 nemorum
882 1249 991 1298 quae
1012 1234 1221 1284 maxima
1242 1250 1375 1284 sacro

88 1296 246 1348 Fonte
266 1301 420 1358 sonat,
443 1314 712 1363 soevamque
733 1300 926 1349 exhalat
948 1317 1096 1365 opaca
1115 1301 1386 1366 mephitim.

85 1362 220 1413 Hinc
242 1363 385 1414 Italae
408 1368 592 1430 genteS,
615 1366 863 1430 omnisque
886 1367 1112 1416 OEnotria
1130 1368 1290 1426 tellus,

85 1429 149 1479 In
171 1430 330 1479 dubiis
351 1448 576 1496 responsa
596 1435 784 1496 petunt.
855 1433 971 1481 Huc
993 1433 1120 1482 dona
1140 1434 1356 1483 sacerdos

85 1495 248 1556 Quum
268 1496 400 1557 tulit,
425 1500 477 1545 et
499 1512 730 1546 caesarum
751 1498 915 1547 ovium
936 1499 1027 1547 sub
1048 1502 1190 1548 nocte
1212 1499 1377 1549 silenti

86 1561 300 1611 Pellibus
322 1563 543 1612 incubuit
564 1564 746 1624 stratis,
769 1581 1054 1628 somnosque
1074 1566 1279 1629 petivit:

87 1626 253 1677 Multa
272 1628 427 1677 modis
449 1629 702 1678 simulacra
722 1629 856 1679 videt
876 1630 1134 1679 volitantia
1154 1632 1304 1692 miris,

85 1692 159 1743 Et
179 1693 334 1743 varias
355 1694 491 1743 audit
512 1711 666 1756 voces,
688 1696 958 1760 fruiturque
980 1697 1178 1746 deorum

84 1758 350 1824 Colloquio,
371 1763 517 1825 atque
538 1761 648 1810 imis
670 1762 948 1812 Acheronta
969 1764 1144 1813 affatur
1164 1763 1384 1814 Avernis.

85 1824 188 1875 Hie
209 1830 262 1875 et
282 1829 392 1875 tum
413 1830 552 1891 pater
571 1827 673 1892 ipse
693 1831 863 1893 petens
884 1846 1111 1894 responsa
1131 1830 1339 1880 Latinus

86 1890 298 1941 Centum
318 1893 553 1958 lanigeras
574 1895 819 1944 mactabat
839 1895 934 1946 rite
955 1896 1189 1957 bidentes,

85 1958 250 2074 Affiue
272 1959 443 2008 harum
466 1960 660 2010 effultus
682 1963 822 2027 tergo
843 1962 1103 2026 stratisque
1117 1963 1310 2028 jacebat

84 2021 134 2071 V
195 2024 382 2075 eribus:
417 2026 577 2076 subita
598 2043 657 2076 ex
678 2027 779 2077 alto
802 2045 895 2077 vox
916 2029 1106 2078 reddita
1125 2030 1233 2079 luco
1255 2033 1359 2079 est:

128 2089 211 2140 Ne
230 2093 343 2156 pete
364 2092 612 2141 connubiis
627 2096 795 2142 natam
816 2094 993 2143 sociare
1015 2095 1220 2155 Latinis,

86 2154 133 2205 Ο
153 2172 262 2206 mea
279 2158 545 2235 progenies,
567 2158 794 2236 thalamis
817 2177 912 2210 neu
933 2162 1070 2210 crede
1092 2162 1302 2226 paratis3

0 2234 5 2271 ῐ
87 2221 295 2272 Exterm
316 2227 518 2274 veniunt
538 2241 716 2289 generi,
740 2227 822 2289 qui
845 2227 1077 2292 sanguine
1098 2231 1319 2278 nostrum

0 2286 11 2433 ξ

84 2286 281 2338 Nomen
301 2289 353 2338 in
375 2292 507 2339 actm
525 2290 696 2352 ferant,
719 2308 1015 2357 quorumque
1036 2295 1097 2343 ab
1118 2295 1267 2360 stirpe
1289 2293 1488 2361 nepotes

86 2352 265 2404 Omnia
284 2355 375 2404 sub
395 2356 611 2421 pedibus,
633 2374 728 2421 qua
748 2358 835 2408 Sol
856 2362 1116 2425 utrumque
1137 2377 1382 2412 recurrens

0 2439 6 2492 ᾗ
86 2419 279 2486 Aspicit
300 2421 559 2483 Oceanum,
580 2424 798 2489 vertique
818 2426 1013 2491 regique
1034 2427 1317 2477 videbunt.”

0 2517 3 2550 2
86 2484 215 2536 Hoc
235 2503 462 2552 responsa
482 2489 633 2553 patris
657 2489 827 2551 Fauni,
850 2493 1156 2558 monitusque
1179 2494 1341 2543 silenti

0 2563 3 2566 ’
86 2549 249 2603 Nocte
259 2554 520 2612 datos,non
541 2555 642 2619 ipse
664 2573 751 2606 suo
772 2558 951 2622 premit
972 2575 1052 2609 ore
1075 2559 1309 2610 Latinus:

0 2654 7 2660 .
87 2616 185 2668 Sed
205 2618 385 2668 circum
404 2621 504 2670 late
525 2621 732 2672 volitans
757 2622 851 2672 ’am
875 2623 1028 2674 Fama
1041 2642 1133 2703 per
1154 2626 1296 2677 urbes

86 2682 328 2735 Ausonias
348 2686 543 2748 tulerat,
565 2704 716 2752 quum
842 2689 1086 2741 medentia
1104 2692 1257 2758 pubes

90 2746 348 2802 Gramineo
368 2751 494 2832 ripo-
509 2753 733 2821 religavit
754 2756 815 2807 ab
959 2773 1011 2807 re
1031 2757 1246 2810 classem.

154 2814 333 2869 AEneu
353 2833 589 2887 primique
609 2820 754 2875 duce·
776 2825 828 2875 et
848 2840 882 2892 p
934 2816 1048 2877 cher
1070 2822 1208 2877 Iulus

1618 1369 1682 1416 85

1617 2031 1684 2078 95

1589 2361 1686 2411 100

1588 2693 1685 2742 105
