1988 3034
622 153 862 192 mmos
884 154 990 191 m.
1013 152 1136 191 vnr.

81 270 147 323 In
166 269 339 331 medio,
361 270 615 336 chlamyde
635 275 687 322 et
707 272 852 337 pictis
873 274 1155 338 conspectus
1175 272 1228 322 in
1250 270 1422 322 armise

81 338 247 399 Qualis
268 339 353 387 ubi
373 339 536 388 ooeani
556 339 774 402 perfusus
797 339 989 387 Lucifer
1010 339 1154 398 unda,

78 405 236 464 Quem
257 404 421 453 Venus
443 407 556 453 ante
577 404 693 452 alios
716 408 954 452 astrorum
976 405 1136 469 diligit
1157 405 1308 468 ignes,
1571 404 1675 453 590

80 470 278 519 Extulit
298 487 352 518 os
373 487 560 519 sacrum
583 470 717 528 coelo‚
740 471 1053 534 tenebrasque
1074 471 1285 519 resolvit.

80 536 226 584 Stant
247 536 428 600 pavidae
449 537 500 584 in
521 536 671 584 muris
692 540 885 595 matres,
908 537 1148 599 oculisque
1170 538 1436 601 sequuntur

81 601 367 651 Pulveream
390 603 567 650 nubem
590 606 640 650 et
662 602 903 666 fulgentes
926 620 1015 651 aere
1037 606 1266 652 catervas.

80 667 179 716 Olli
200 684 285 731 per
305 668 489 725 dumos,
513 684 607 732 qua
627 669 844 731 proxima
863 672 996 716 meta
1016 669 1217 726 viarum,

78 733 273 781 Armati
292 734 517 782 tendunt.
590 732 644 781 It
670 734 860 791 elamor,
884 736 935 781 et
956 734 1147 796 agmine
1168 734 1297 782 facto
1575 733 1674 782 595

80 797 480 861 Quadrupedante
502 801 694 861 putrem
716 798 879 846 sonitu
902 798 1061 862 quatit
1083 799 1266 862 ungula
1287 814 1524 863 eampum.

80 863 176 911 Est
197 864 366 928 ingens
387 863 599 928 gelidum
620 863 755 912 lucus
776 880 923 928 prope
947 863 1134 911 Caeritis
1157 881 1363 927 amnem,

79 926 333 993 Religione
352 933 547 993 patrum
568 929 666 977 late
688 946 845 988 sacen
878 930 1089 993 undique
1111 930 1254 978 eolles

82 993 325 1044 Inclusere
346 995 450 1044 eavi
471 998 524 1043 et
543 995 683 1059 nigra
703 1011 872 1044 nemus
894 995 1050 1044 abiete
1072 995 1291 1060 cingunt.

78 1058 272 1109 Silvano
294 1061 423 1109 fama
442 1064 517 1110 aet
537 1065 723 1109 veteres
745 1078 950 1110 sacrasse
973 1061 1215 1126 Pelasgos,
1577 1062 1676 1111 600

78 1126 319 1175 Arvorum
341 1127 615 1191 pecorisque
637 1127 740 1186 deo,
762 1127 1017 1191 lucumque
1039 1128 1276 1192 diemque,

79 1191 177 1252 Qui
197 1193 341 1256 primi
362 1193 480 1241 finae
503 1192 756 1257 aliquando
778 1193 986 1242 habuere
1009 1193 1226 1242 Latinos.

78 1256 231 1307 Haud
250 1258 416 1323 procul
436 1258 549 1307 hine
571 1259 759 1308 Tarcho
781 1262 832 1307 et
854 1259 1094 1324 Tyrrheni
1114 1263 1227 1309 tuta
1246 1258 1479 1310 tenebant

79 1322 252 1373 Castra
270 1324 402 1385 loeis,
423 1324 640 1389 eelsoque
661 1325 818 1374 omnis
840 1325 899 1374 de
921 1326 1039 1374 colle
1059 1326 1212 1374 videri

78 1387 198 1439 Jam
217 1393 409 1454 poterat
428 1390 569 1455 legio,
591 1393 643 1439 et
662 1391 775 1439 latis
796 1391 1024 1439 tendebat
1046 1391 1098 1439 in
1120 1391 1261 1439 arvis.
1578 1390 1676 1440 605

80 1453 198 1504 Hue
218 1460 357 1520 pater
378 1456 555 1505 AEneas
577 1460 629 1505 et
648 1456 774 1505 bello
795 1457 921 1504 lecta
934 1457 1167 1521 juventus

80 1520 368 1582 Succedunt,
389 1522 593 1586 fessique
614 1525 665 1570 et
687 1539 832 1586 equos
855 1525 906 1571 et
928 1539 1124 1587 corpora
1145 1525 1333 1573 curant.

146 1588 220 1636 At
239 1587 405 1637 Venus
426 1588 647 1636 aetherios
668 1588 796 1636 inter
818 1588 907 1636 dea
927 1589 1128 1637 candida
1147 1589 1337 1637 nimbos

80 1651 226 1702 Dona
245 1653 399 1703 ferens
421 1654 613 1713 aderat3
647 1657 910 1716 natumque
931 1654 983 1702 in
1005 1654 1127 1703 valle
1150 1655 1349 1704 reducta

81 1717 158 1768 Ut
177 1720 343 1783 procul
364 1719 548 1783 egelido
571 1722 807 1768 secretum
828 1720 1025 1768 flumine
1046 1720 1186 1779 vidit,
1578 1722 1677 1769 610

81 1782 281 1834 Talibus
303 1786 450 1834 affata
470 1788 546 1834 est
568 1786 725 1844 dictis,
747 1802 891 1850 seque
913 1786 1092 1835 obtulit
1114 1786 1272 1836 ultro:

81 1854 110 1876 ‘⁸
125 1850 205 1899 En
226 1852 436 1915 perfecta
456 1852 551 1900 mei
572 1852 806 1915 promissa
826 1851 1043 1916 conjugis
1066 1855 1170 1902 arte

81 1914 315 1976 Munera3
347 1934 408 1966 ne
431 1934 543 1966 mox
565 1921 651 1965 aut
674 1917 953 1977 Laurentes,
976 1921 1105 1974 nate.
1128 1918 1371 1983 superbos,

79 1982 187 2030 Aut
208 1998 364 2031 acrem
387 1983 577 2032 dubites
598 1983 650 2031 in
671 1984 839 2047 proelia
858 2001 1049 2048 poscere
1066 1984 1339 2033 Turnum.''

79 2045 236 2107 Dixit,
259 2052 310 2097 et
333 2049 576 2113 amplexus
598 2050 703 2097 nati
727 2049 968 2114 Cytherea
987 2050 1191 2113 petivit3
1577 2050 1676 2099 615

79 2112 234 2162 Arma
253 2115 343 2163 sub
364 2114 562 2163 advena
582 2115 744 2178 posuit
765 2114 1002 2163 radiantia
1022 2132 1212 2179 quercu.

81 2177 174 2227 Ille
196 2178 296 2229 deoe
317 2179 454 2228 donis
476 2183 528 2229 et
548 2183 691 2229 tanto
711 2180 850 2229 laetus
872 2181 1053 2230 honore

0 2278 2 2291 ς
79 2242 281 2308 Expleri
302 2246 484 2310 nequit,
507 2249 652 2309 atque
673 2246 834 2295 oeulos
856 2263 942 2311 per
963 2246 1155 2311 singula
1174 2246 1343 2308 volvit,

81 2308 401 2376 Miraturque,
423 2312 643 2376 interque
664 2328 835 2361 manus
857 2316 909 2363 et
930 2313 1125 2362 brachia
1145 2318 1307 2363 versat

0 2387 4 2390 ·
79 2373 363 2426 Terribilem
386 2378 545 2426 cristis
566 2378 752 2443 galeam
774 2378 1083 2444 flammasque
1105 2384 1398 2439 vomentem,
1575 2379 1677 2428 620

80 2439 444 2508 Fatiserumque
466 2460 644 2503 ensem,
665 2444 864 2494 loricam
886 2461 947 2494 ex
969 2461 1063 2495 aere
1084 2446 1340 2510 rigentem,

80 2506 416 2573 &nguinuum
436 2509 715 2575 ingentem3
749 2510 902 2575 qualis
924 2528 1074 2576 quum
1097 2511 1269 2560 caerula
1290 2509 1442 2561 nube·

0 2599 2 2601 ·
81 2570 206 2622 Soli·
227 2573 482 2625 inardescit
503 2576 648 2624 radiis
670 2576 906 2640 longeque
926 2577 1164 2642 refulget3

0 2660 7 2677 ›
79 2635 208 2688 'l'um
230 2638 357 2689 leves
378 2657 539 2691 ocreas
560 2642 736 2691 electro
759 2658 966 2706 auroque
987 2645 1191 2703 recocto,

0 2719 7 2735 ·
78 2700 291 2754 Hastam
324 2722 399 2766 ue,
421 2710 473 2757 et
495 2707 633 2772 clipei
655 2724 752 2756 non
775 2708 1035 2757 enarrabile
1055 2712 1268 2760 textum.
1573 2708 1674 2765 625

79 2765 190 2819 Illic
211 2723 461 2823 ree‘ltala·
483 2772 907 2851 Romanorumque
928 2775 1215 2852 triumphos,
1268 2798 1274 2801 >

79 2831 234 2887 Haud
252 2840 424 2890 ntum
442 2839 640 2907 ignarus
661 2843 947 2907 ventumque
967 2857 1144 2893 maome
1165 2841 1273 2908 aevi,
