1988 3034
687 217 733 252 P.
757 214 993 252 vmenan
1015 214 1255 252 MAnoms

196 333 442 400 Oppetiit3
476 333 714 383 devictam
735 334 902 383 Asiam
926 334 1139 383 subsedit
1161 333 1362 383 adulter.

196 402 432 449 Invidisse
454 401 580 460 deos,
602 400 770 464 patriis
792 404 850 448 ut
870 401 1084 449 redditus
1106 401 1199 449 aris

196 467 486 531 Conjugium
508 470 730 530 optatum
752 469 802 515 et
823 467 1072 530 pulchram
1096 466 1340 531 Calydona
1360 462 1611 517 viderem?
1678 466 1778 516 270

194 533 342 581 Nunc
364 534 508 581 etiam
532 533 748 580 horribili
769 533 876 581 visu
897 535 1122 597 portenta
1142 535 1421 596 sequuntur,

195 599 267 646 Et
289 599 404 647 socii
426 599 587 646 amissi
606 599 849 662 petierunt
871 599 1049 647 aethera
1068 599 1250 662 pennis,

196 664 591 729 Fluminibusque
612 667 852 728 vagantur
874 682 997 724 aves,
1019 665 1116 712 heu
1138 665 1240 712 dira
1260 680 1477 714 meorum

195 731 460 794 Supplicia!
495 734 546 779 et
569 731 785 795 scopulos
806 731 1065 779 lacrimosis
1087 731 1282 779 vocibus
1304 731 1524 795 implent.

195 796 317 844 Haec
340 797 455 845 adeo
479 813 537 845 ex
558 797 639 845 illo
662 797 783 844 mihi
797 797 902 861 jam
922 796 1153 860 speranda
1173 797 1368 844 fuerunt

195 862 443 925 Tempore,
466 879 613 926 quum
635 863 759 911 ferro
781 863 992 910 coelestia
1013 879 1208 926 corpora
1230 863 1423 911 demens

194 928 408 991 Appetii,
431 931 481 976 et
503 929 699 976 Veneris
722 929 897 976 violavi
917 928 1112 976 vulnere
1135 929 1367 976 dextram.

194 993 275 1041 Ne
297 1009 422 1052 vero,
445 1010 505 1042 ne
527 1010 604 1042 me
627 995 686 1041 ad
707 994 828 1042 tales
850 994 1082 1058 impellite
1103 1009 1302 1058 pugnas.

195 1059 302 1107 Nec
323 1060 445 1107 mihi
467 1076 576 1107 cum
599 1060 792 1108 Teucris
815 1060 966 1107 ullum
989 1063 1098 1122 post
1121 1063 1258 1107 eruta
1279 1060 1457 1109 bellum

197 1125 458 1189 Pergama3
492 1142 578 1174 nec
601 1131 817 1174 veterum
841 1126 1037 1173 memini
1057 1126 1254 1174 laetorve
1277 1127 1526 1175 malorum.

197 1190 416 1250 Munera,
440 1208 547 1254 quae
571 1192 737 1255 patriis
761 1192 822 1239 ad
845 1208 921 1239 me
944 1192 1148 1254 portatis
1172 1192 1232 1239 ab
1255 1193 1363 1251 oris,

196 1256 385 1305 Vertite
408 1258 469 1304 ad
491 1257 690 1305 AEnean.
760 1257 992 1305 Stetimus
1014 1257 1112 1304 tela
1133 1273 1297 1320 aspera
1318 1259 1499 1317 contra,

198 1322 593 1386 Contulimusque
616 1339 811 1371 manus:
848 1324 1041 1386 experto
1065 1323 1255 1383 credite,
1279 1327 1487 1386 quantus

198 1388 261 1435 In
284 1389 486 1452 clipeum
510 1392 741 1453 assurgat,
769 1405 860 1451 quo
883 1389 1076 1436 turbine
1099 1392 1322 1453 torqueat
1345 1390 1552 1439 hastam.

197 1454 250 1502 Si
273 1454 368 1502 duo
390 1457 618 1518 praeterea
637 1455 758 1502 tales
782 1455 912 1502 Idaea
932 1455 1124 1503 tulisset

198 1520 347 1567 Terra
366 1522 506 1580 viros,
529 1521 658 1569 ultro
681 1521 902 1568 Inachias
924 1521 1132 1569 venisset
1154 1521 1215 1569 ad
1236 1522 1377 1571 urbes

199 1585 466 1646 Dardanus,
490 1590 540 1634 et
562 1587 708 1635 versis
731 1587 916 1650 lugeret
941 1587 1129 1635 Graecia
1149 1588 1277 1635 satis.

200 1652 443 1715 Quidquid
465 1653 591 1715 apud
613 1653 746 1700 durae
770 1655 1006 1701 cessatum
1029 1655 1103 1701 est
1126 1653 1302 1701 moenia
1324 1653 1498 1719 Trojae‚

200 1717 427 1765 Hectoris
451 1717 707 1781 AEneaeque
730 1735 876 1766 manu
897 1719 1098 1766 victoria
1120 1719 1320 1766 Graium

200 1783 374 1843 Haesit,
397 1786 447 1830 et
468 1784 520 1830 in
544 1784 779 1831 decimum
801 1784 1004 1847 vestigia
1025 1785 1192 1831 retulit
1215 1800 1407 1832 annum.

202 1849 359 1896 Ambo
382 1849 566 1908 animis,
591 1850 729 1897 ambo
752 1849 963 1912 insignes
984 1851 1322 1912 praestantibus
1346 1850 1515 1911 armis;

201 1914 301 1962 Hic
323 1914 502 1978 pietate
523 1915 664 1979 prior.
735 1914 921 1962 Coeant
943 1915 994 1961 in
1017 1915 1193 1962 foedera
1214 1916 1409 1974 dextrae‚

200 1981 307 2038 Qua
329 1980 470 2028 datur
489 2001 500 2029 ι
536 1984 625 2040 ast,
649 1981 791 2029 armis
815 1984 1097 2028 concurrant
1121 1997 1264 2040 arma,
1288 1983 1483 2030 cavete.’

200 2045 272 2093 Et
294 2062 517 2109 responsa
539 2046 680 2093 simul
703 2063 806 2109 quae
829 2047 941 2105 sint,
963 2063 1047 2093 rex
1069 2047 1263 2109 optime,
1285 2048 1411 2110 regis

200 2112 409 2172 Audisti,
433 2115 483 2160 et
506 2128 611 2175 quae
634 2113 699 2160 sit
721 2129 895 2176 magno
919 2113 1157 2160 sententia
1178 2113 1352 2161 bello.’'

266 2177 362 2225 Vix
384 2195 438 2226 ea
458 2178 632 2242 legati3
666 2179 915 2241 variusque
937 2195 1020 2242 per
1041 2195 1124 2226 ora
1145 2179 1354 2226 cucurrit

201 2243 502 2291 Ausonidum
524 2245 719 2291 turbata
741 2245 915 2291 fremor
934 2265 944 2291 :
982 2260 1068 2291 ceu
1091 2261 1202 2291 saxa
1223 2247 1473 2294 morantur

202 2309 363 2367 Quum
384 2309 572 2372 rapidos
595 2326 769 2368 amnes,
795 2310 853 2356 fit
877 2310 1033 2356 clauso
1056 2311 1249 2372 gurgite
1271 2327 1503 2371 murmur,

201 2374 475 2438 Vicinaeque
497 2375 707 2422 fremunt
729 2375 846 2437 ripae
868 2375 1209 2437 crepitantibus
1232 2376 1387 2424 undis,

202 2439 276 2488 Ut
297 2441 504 2504 primum
527 2440 703 2504 placati
724 2440 884 2498 animi,
907 2443 958 2487 et
979 2441 1167 2503 trepida
1188 2456 1270 2488 ora
1292 2441 1530 2504 quierunt,

203 2506 442 2554 Praefatus
465 2507 598 2554 divos
621 2506 738 2554 solio
759 2522 842 2553 rex
862 2506 972 2552 infit
995 2507 1054 2554 ab
1077 2506 1202 2554 alto:

269 2576 295 2596 “
314 2572 446 2620 Ante
469 2572 688 2634 equidem
710 2587 897 2619 summa
918 2572 976 2619 de
998 2588 1049 2619 re
1072 2572 1309 2631 statuisse,
1333 2571 1513 2633 Latini,

202 2637 273 2684 Et
294 2638 479 2697 vellem,
502 2642 552 2685 et
573 2638 729 2686 fuerat
751 2637 947 2696 melius3
979 2654 1077 2685 non
1098 2641 1312 2701 tempore
1334 2639 1422 2685 tali

203 2703 384 2765 Cogere
406 2704 671 2763 concilium,
695 2720 844 2767 quum
864 2720 1026 2751 muros
1050 2704 1225 2751 assidet
1247 2704 1415 2751 hostis.

202 2768 394 2815 Bellum
414 2769 757 2832 importunum,
783 2770 922 2828 cives,
946 2785 1055 2817 cum
1078 2772 1223 2832 gente
1246 2769 1456 2829 deorum,

202 2833 497 2895 Invictisque
518 2835 632 2881 viris
654 2835 878 2899 gerimus,
903 2851 1018 2898 quos
1042 2835 1173 2882 nulla
1193 2835 1402 2900 fatigant

203 2897 391 2960 Proelia,
414 2915 501 2947 nec
523 2900 640 2947 victi
661 2903 863 2964 possunt
886 2901 1112 2949 absistere
1134 2900 1272 2950 ferro.

1683 795 1780 846 275
1850 812 1858 817 ·

1684 1127 1784 1175 280

1687 1456 1784 1504 285
1806 1474 1809 1475 ’

1687 1785 1786 1834 290

1687 2114 1785 2163 295

1685 2442 1783 2490 300

1683 2768 1782 2818 305
