1988 3034
623 170 628 173 -
665 146 906 184 AEREIDOS
926 145 1033 183 Iam.
1054 145 1154 184 vn.

117 265 215 315 Ast
236 281 341 330 ego,
362 280 539 330 magna
561 264 598 314 J
598 266 701 317 ovis
724 266 911 332 conjux,
932 266 1004 315 nil
1023 267 1239 330 linquere
1259 263 1485 314 inausum

118 333 236 391 Quoe
257 331 394 395 potui
416 332 594 393 infelix,
617 349 723 398 quae
745 336 925 381 memet
946 332 999 380 in
1021 333 1182 382 omnia
1201 331 1341 391 verti,

119 396 299 445 Vincor
318 398 379 445 ab
401 397 568 446 AEnea.
637 399 777 458 Quod
798 398 840 445 si
862 414 968 445 mea
988 399 1188 446 numina
1207 413 1306 445 non
1327 399 1445 446 sunt
1609 397 1711 446 310

119 461 306 526 Magna
333 464 478 513 satis:
518 464 734 512 dubitem
769 464 899 511 haud
932 465 1153 526 equidem
1185 461 1436 526 implorare
1469 461 1600 526 quod
1630 478 1708 510 us-

120 527 337 576 Flecter³
358 529 399 576 si
421 546 602 592 nequeo
625 546 834 594 superos,
857 530 1134 578 Acheronta
1153 528 1369 578 movebo.
1427 527 1594 595 [quam
1617 530 1707 578 est.

119 592 237 642 Non
258 594 452 643 dabitur
472 595 647 659 regnis,
670 599 790 653 esto,
812 595 1062 659 prohibere
1086 595 1290 655 Latinis,

120 660 284 722 Atque
305 659 508 708 immota
530 665 693 709 manet
715 662 829 709 fatis
852 660 1054 709 Lavinia
1076 661 1276 723 conjux:

121 727 192 772 At
212 725 417 784 trahere,
440 730 584 789 atque
606 743 762 774 moras
783 726 936 773 tantis
959 726 1072 774 licet
1095 726 1266 773 addere
1287 724 1457 788 rebus3
1612 726 1711 776 315

119 790 192 837 At
213 789 327 839 licet
348 791 597 839 amborum
620 791 820 855 populos
842 792 1114 839 exscindere
1136 807 1322 854 regum.

121 855 232 904 Hac
253 873 400 920 gener
421 860 565 919 atque
586 874 719 905 socer
741 859 913 905 coeant
935 857 1149 905 mercede
1171 873 1382 906 suorum.

120 922 363 986 Sanguine
384 922 590 986 'IX-ojano
613 926 665 971 et
687 922 875 971 Rutulo
897 923 1138 982 dotabere,
1160 923 1327 987 virgo:

120 987 193 1035 Et
214 987 416 1036 Bellona
435 991 600 1036 manet
620 991 672 1037 te
694 989 923 1051 pronuba.
992 989 1098 1038 Nec
1119 989 1221 1039 sace
1242 991 1440 1040 tantum

120 1052 299 1102 Cisseis
319 1070 577 1118 praegnans
597 1052 734 1119 ignes
757 1055 897 1103 enixa
909 1055 1127 1119 jugales:
1614 1057 1715 1106 320

120 1118 251 1178 Quin
272 1119 399 1168 idem
423 1120 597 1169 Veneri
619 1124 786 1185 partus
809 1138 938 1180 suuS,
962 1125 1012 1170 et
1035 1121 1172 1170 Paris
1195 1121 1332 1180 alter,

121 1184 442 1249 Funestaeque
462 1186 639 1235 iterum
660 1187 869 1235 recidiva
887 1188 941 1235 in
963 1187 1202 1252 Pergama
1220 1186 1414 1236 taedae.’‘

186 1251 313 1300 Haec
335 1252 419 1300 ubi
439 1253 570 1301 dicta
590 1253 738 1311 dedit,
761 1256 913 1302 terras
935 1254 1172 1302 horrenda
1193 1254 1386 1318 petivit.

121 1315 409 1366 Luctificam
430 1318 621 1368 Allecto
644 1319 874 1367 Dirarum
896 1321 956 1368 ab
979 1321 1088 1368 sede
1110 1336 1328 1368 sororum

123 1382 424 1447 Infernisque
445 1385 541 1434 ciet
561 1385 800 1438 tenebris:
836 1387 914 1434 cui
934 1386 1097 1434 tristia
1118 1385 1257 1443 bella,
1617 1386 1716 1435 825

124 1448 327 1512 Iraeque,
348 1451 639 1515 insidiaeque‚
662 1454 715 1499 et
736 1451 936 1499 crimina
956 1451 1099 1499 noxia
1120 1451 1267 1500 cordi.

124 1514 244 1563 Odit
265 1519 317 1564 et
338 1515 440 1580 ipse
460 1520 599 1580 pater
621 1516 817 1577 Pluton,
841 1517 980 1566 odere
1003 1534 1186 1566 sorores

123 1580 369 1630 Tartareo
389 1586 687 1632 monstrum:
721 1586 801 1631 tot
824 1600 924 1632 sese
946 1584 1096 1631 vertit
1118 1583 1168 1630 in
1192 1599 1291 1642 ora,

123 1645 246 1695 Tam
268 1662 409 1695 eoevae
430 1648 585 1707 facies,
608 1650 688 1697 tot
708 1649 914 1712 pullulat
936 1652 1043 1697 atra
1064 1649 1286 1697 colubris.

123 1711 282 1772 Quam
303 1713 340 1761 J
342 1730 438 1762 uno
460 1713 536 1762 his
558 1715 689 1763 acuit
711 1716 881 1774 verbis,
904 1732 959 1763 ac
980 1715 1099 1763 talia
1120 1715 1249 1763 fatur
1265 1734 1279 1762 ι
1617 1715 1719 1764 330

123 1782 153 1804 “
167 1777 319 1828 Hunc
340 1779 462 1827 mihi
484 1780 546 1829 da
566 1781 825 1845 proprium,
847 1782 985 1845 virgo
1008 1784 1115 1830 sata
1135 1781 1311 1839 Nocte,
1332 1777 1560 1830 laborem'.

123 1843 272 1894 Hanc
293 1861 499 1910 operam,
522 1863 583 1895 ne
604 1851 768 1896 noster
789 1848 942 1896 honos
963 1848 1226 1896 infractave
1248 1846 1389 1896 cedat

125 1909 281 1960 Fama
299 1910 432 1971 loco;
464 1929 559 1961 neu
581 1913 830 1962 connubiis
853 1914 1032 1962 ambire
1056 1913 1290 1962 Latinum

124 1974 353 2026 AEneadae
374 1978 574 2042 possint,
599 1979 810 2028 Italosve
833 1980 1045 2029 obsidere
1068 1980 1203 2028 fines,

125 2041 205 2091 'l'u
225 2046 363 2107 potes
384 2044 636 2093 unanimos
658 2062 839 2094 armare
862 2046 913 2093 in
935 2045 1103 2109 proelia
1123 2046 1310 2103 fratres,
1621 2044 1721 2093 335

126 2109 292 2172 Atque
313 2109 435 2158 odiis
455 2126 642 2159 versare
664 2111 860 2170 domos;
893 2114 952 2159 tu
974 2111 1169 2160 verbera
1189 2111 1335 2159 tectis

127 2172 462 2239 Funereasque
483 2176 655 2225 inferre
677 2177 801 2227 faces
821 2198 833 2237 3
866 2177 958 2225 tibi
980 2178 1176 2226 nomina
1197 2177 1343 2235 mille,

128 2238 270 2317 Mille
291 2241 493 2290 nocendi
514 2246 656 2319 artes,
726 2243 1007 2291 Fecundum
1030 2246 1232 2320 concute
1252 2244 1436 2319 pectus,

127 2304 1448 2440 mammemfsszzssssgnsaeffuezflza·

196 2436 326 2487 Exin
348 2438 615 2504 Gorgoneis
637 2441 827 2490 Allecto
849 2442 1028 2491 insecta
1049 2442 1242 2490 venenis

130 2501 379 2568 Principio
403 2504 599 2554 Latium
622 2509 674 2555 et
697 2506 951 2556 Laurentis
972 2510 1107 2557 tecta
1125 2506 1325 2572 tyranni

130 2566 272 2618 Celsa
291 2572 431 2635 petit,
452 2572 751 2637 tacitumque
773 2573 961 2622 obsedit
982 2573 1130 2622 limen
1152 2575 1361 2631 Amatae,

130 2633 289 2694 Quam
310 2652 452 2701 super
474 2637 684 2686 adventu
706 2638 945 2688 Teucrum
968 2639 1212 2703 Turnique
1233 2633 1499 2702 hymenoeis

131 2698 375 2750 Feminea
395 2702 643 2752 ardentem
665 2720 883 2768 curaeque
907 2705 1080 2770 iraeque
1103 2705 1387 2769 coquebant.
1620 2700 1722 2755 346

131 2764 266 2815 Huic
287 2766 377 2817 dea
396 2768 609 2818 ceruleis
631 2786 782 2819 unum
806 2770 864 2819 de
887 2771 1095 2820 crinibus
1118 2787 1325 2836 anguem

131 2828 356 2900 eonjieit,
370 2833 516 2901 inque
537 2835 697 2887 sinum
718 2837 979 2903 precordia
1000 2836 1062 2887 ad
1082 2836 1256 2888 intima
1277 2833 1459 2899 subdit,
