1988 3034
660 158 903 199 mmos
923 159 1031 197 m·
1052 156 1153 198 vn.

110 278 268 342 Quam
287 278 443 345 magis
465 278 615 329 effuso
637 280 924 330 crudescunt
946 296 1150 345 sanguin
1152 295 1178 329 e
1197 293 1397 347 pugnae.

109 348 183 396 At
203 346 357 396 levem
380 346 585 408 clipeum
607 345 808 394 sublatis
831 296 1150 394 cornibusgum
1077 346 1136 395 Io

107 413 243 461 Auro
264 412 543 476 insignibat,
558 411 662 473 jam
685 412 819 460 saetis
843 412 1012 469 obsita,
1028 411 1133 487 jam
1154 412 1257 472 bos,

107 478 501 542 Argumentum
487 494 672 541 mgens,
695 481 747 525 et
769 480 930 525 custos
952 478 1153 541 virginis
1175 479 1352 543 Argu8‚

107 542 383 607 celataque
405 560 596 591 amnem
618 543 821 591 fundens
842 546 979 607 pater
1002 543 1212 592 Inachus
1234 561 1372 593 urna.

106 607 388 674 Insequitur
409 610 600 658 nimbus
622 609 854 685 peditum,
878 609 1172 672 clipeataque
1194 610 1316 658 totis

105 675 322 739 Agmina
342 675 603 724 densentur
625 674 817 738 campis,
842 675 1117 738 Argivaque
1139 677 1304 739 pubeS,

105 741 439 805 Auruncaeque
461 757 645 798 manus,
668 739 857 797 Rutuli,
880 743 1156 801 veteresque
1180 740 1352 800 Sicani,

105 804 178 854 Et
200 806 419 855 Sacranae
441 806 577 865 acies,
601 808 651 854 et
673 805 794 869 picti
815 809 953 853 scuta
974 804 1167 854 Labici·

105 871 202 931 Qui
223 871 390 931 saltus,
412 844 650 931 Tiberine,
672 875 799 930 tuos,
823 887 1103 934 sacrumque
1125 870 1326 919 Numici

103 935 248 985 Litus
270 939 423 996 arant,
446 936 751 1001 Rutulosque
774 939 995 985 exercent
1017 953 1207 985 vomere
1231 937 1389 996 colles,

104 1002 467 1067 Circoeumque
445 1020 650 1068 Jugum3
684 1003 816 1066 queis
839 1003 1035 1066 Jupiter
1056 1003 1283 1051 Anxurus
1305 1003 1434 1053 arvis

102 1066 352 1128 Praesidet,
374 1072 426 1117 et
446 1069 587 1117 viridi
609 1069 822 1133 gaudens
845 1068 1051 1116 Feronia
1070 1068 1208 1127 1uco;

103 1133 213 1193 Qua
232 1107 416 1183 Sattirae
431 1134 562 1199 jacet
585 1140 691 1183 atra
710 1135 862 1198 palus,
885 1134 1164 1199 gelidusque
1186 1152 1271 1199 per
1292 1133 1413 1184 imas

103 1199 294 1260 Querit
314 1201 410 1250 iter
428 1201 574 1250 valles
597 1204 741 1264 atque
762 1201 815 1248 in
837 1217 968 1248 mare
991 1201 1214 1249 conditur
1236 1201 1404 1250 Ufens.

170 1265 281 1315 Hos
303 1283 445 1331 super
466 1267 662 1315 advenit
684 1266 861 1315 Volsca
882 1266 942 1315 de
963 1269 1109 1331 gente
1133 1265 1348 1325 Camilla,

103 1333 439 1397 Agmenagen
441 1350 465 1381 s
486 1334 704 1397 equitum
727 1336 778 1381 et
799 1333 1023 1380 florentes
1045 1349 1136 1380 aere
1159 1335 1389 1392 catervas,

104 1349 439 1447 Bellatrixa?en
401 1415 500 1447 non
520 1398 605 1446 illa
625 1399 728 1447 colo
752 1398 1013 1446 calathisve
1036 1398 1269 1447 Minervae

106 1462 357 1512 Femineas
378 1467 569 1513 assueta
588 1481 773 1523 manus,
793 1464 877 1512 sed
897 1463 1065 1527 proelia
1084 1464 1223 1527 virgo

106 1528 244 1578 Dura
262 1530 382 1594 pati,
405 1546 639 1594 cursuque
660 1530 836 1593 pedum
858 1532 1143 1593 praevertere
1164 1531 1351 1580 ventos.

106 1594 202 1643 Illa
221 1595 299 1644 vel
320 1596 519 1645 intactae
540 1597 715 1660 segetis
733 1612 818 1659 per
840 1611 1029 1643 summa
1047 1595 1232 1644 volaret

105 1661 350 1721 Gramina,
371 1678 460 1711 nec
482 1665 671 1709 teneras
693 1677 835 1709 cursu
855 1660 936 1708 laes
938 1660 1054 1709 isset
1077 1660 1276 1720 aristas3

104 1725 195 1776 Vel
217 1743 348 1776 mare
368 1743 455 1792 per
474 1727 700 1786 medium,
722 1726 876 1775 fluctu
897 1743 1125 1790 suspensa
1143 1728 1371 1786 tumenti,

104 1790 276 1843 Ferret
295 1793 403 1852 iter,
426 1793 598 1842 celeres
619 1809 707 1841 nec
728 1793 940 1857 tingeret
962 1808 1151 1857 aequore
1172 1793 1376 1856 plantas.

104 1857 250 1907 Illam
271 1859 427 1908 omnis
447 1859 591 1908 tectis
614 1859 833 1923 agrisque
855 1859 1002 1907 effusa
1016 1859 1249 1922 juventus

105 1923 360 1989 'hirbaque
382 1925 585 1974 miratur
606 1928 832 1984 matrum,
855 1927 906 1972 et
927 1928 1202 1988 prospectat
1224 1926 1435 1985 euntem,

103 1990 348 2039 Attonitis
369 1991 560 2039 inhians
582 1991 781 2039 animis·
816 1993 874 2038 ut
895 1991 1054 2053 regius
1078 1994 1209 2039 ostro

102 2053 247 2105 Volet
268 2056 420 2106 honos
441 2056 570 2106 leves
591 2056 830 2115 humeros,
847 2058 906 2103 ut
928 2056 1077 2104 fibula
1098 2057 1279 2106 crinem

106 2121 241 2171 Auro
260 2122 579 2181 internectat3
612 2121 814 2186 Lyciam
835 2124 894 2169 ut
915 2122 1087 2186 gerat
1073 2138 1176 2185 ipsa
1196 2122 1487 2190 pharetram,

103 2185 178 2238 Et
195 2188 483 2254 pastoralem
505 2187 699 2255 prefixa
719 2187 913 2253 cuspide
934 2190 1167 2254 myrtum.

1602 410 1707 464 ¹790

1606 740 1706 793 '795

1605 1072 1706 1119 800

1603 1400 1703 1448 805

1602 1728 1704 1779 810

1600 2058 1701 2109 813
