1988 3034
677 207 919 246 mmos
940 208 1047 245 m.
1068 205 1193 245 vm.

137 327 217 379 Fax
236 326 321 378 illo
342 322 607 378 celebratus
627 328 797 388 honos,
817 328 1012 393 laet'zque
1031 327 1241 377 minores

136 396 393 444 Servavere
414 395 556 453 diem,
579 394 854 458 primusque
877 395 1091 443 Potitius
1112 396 1296 453 auctor,

135 460 212 510 Et
231 460 404 509 domus
426 460 655 509 Herculei
678 477 762 508 cus
764 467 841 508 tos
864 460 1060 508 Pinaria
1080 460 1217 509 sacri.
1629 455 1731 508 270

139 526 309 591 [Hane
330 543 463 574 aram
484 526 593 575 luco
615 526 806 585 statuit,
830 543 936 590 quae
958 526 1177 574 Maxima
1197 539 1384 590 semper

136 592 342 641 Dicetur
361 593 514 651 nobis,
537 596 589 640 et
610 593 703 641 erit
725 608 834 656 quoe
857 593 1065 640 maxima
1086 591 1310 656 semper]

135 659 294 717 Quare
315 659 461 722 agite,
484 675 514 707 o
529 659 745 723 juvenes,
767 658 1051 707 tantarum‘
1037 675 1089 706 m
1111 674 1308 706 munere
1328 654 1526 705 laudum

136 723 332 788 cingite
353 725 520 772 fronde
542 741 716 782 comas,
739 728 790 772 et
811 725 982 788 pocula
1002 724 1192 799 porgite
1214 722 1412 781 dextris,

135 790 546 853 Communemque
566 793 735 838 vocate
757 790 915 848 deum,
937 793 988 838 et
1010 789 1122 837 date
1142 788 1256 837 vina
1275 786 1541 837 volentes.”
1628 787 1692 835 27
1696 787 1730 835 5

135 854 367 905 Dixerat:
402 855 642 904 Herculea
663 855 841 903 bicolor
863 871 1012 930 quum
1034 854 1237 918 populus
1260 854 1433 902 umbra

134 920 420 984 velavitque
442 937 616 979 comae,
638 920 890 983 foliisque
876 936 1051 968 mnexa
1070 919 1314 984 pependit,

134 986 209 1036 Et
229 1003 360 1036 sacer
381 987 601 1051 implevit
622 987 841 1035 dextram
868 986 1093 1050 scyphus,
1161 985 1308 1034 Ocius
1330 998 1494 1034 omnes

136 1052 201 1102 In
222 1069 437 1102 mensam
458 1053 562 1101 laeti
583 1053 752 1110 libant,
775 1053 1004 1114 divosque
1025 1060 1290 1115 precantur.

202 1118 399 1168 Devexo
420 1119 603 1167 interea
623 1118 815 1194 propior
836 1118 896 1166 fit
917 1117 1099 1180 Vesper
1121 1117 1345 1181 Olympo.
1628 1115 1729 1163 280

135 1183 346 1249 Jamque
367 1186 634 1233 sacerdotes
656 1185 931 1248 primusque
954 1183 1168 1231 Potitius
1190 1184 1328 1231 ibant

136 1250 386 1300 Pellibus
372 1269 422 1299 ιιι
445 1267 629 1299 morem
650 1251 811 1309 cincti,
833 1250 1142 1313 flammasque
1163 1249 1394 1298 ferebant.

135 1316 528 1432 gonstaurantp
470 1333 528 1381 ep
529 1317 647 1375 alas,
670 1320 721 1365 et
743 1332 921 1365 mensae
943 1319 1084 1380 grata
1105 1315 1330 1364 secundae

217 1399 281 1432 na
301 1383 477 1442 serunt,
500 1383 841 1447 cumulantque
862 1382 1070 1431 oneratis
1092 1380 1307 1429 lancibus
1329 1378 1474 1444 aras]

135 1448 264 1497 Tum
287 1449 403 1497 Salii
424 1421 486 1497 ad
507 1449 712 1498 cantus
699 1465 892 1497 incensa
913 1448 1083 1495 altaria
1103 1447 1285 1495 circum
1627 1443 1726 1491 285

135 1513 362 1579 Populeis
384 1515 560 1563 adsunt
583 1515 762 1563 evincti
782 1518 1002 1578 tempora.
1021 1512 1194 1571 ramis;

135 1579 273 1629 Hie
252 1597 486 1645 Juvenum
509 1581 698 1638 chorus,
719 1580 798 1628 ille
821 1597 1004 1638 senum,
1028 1579 1111 1643 qui
1133 1576 1343 1627 carmine
1362 1573 1527 1626 laudes

137 1644 401 1695 Herculeas
422 1651 475 1695 et
496 1647 626 1695 facta
645 1647 834 1695 serunt.
869 1649 929 1693 ut
951 1645 1106 1709 prima
1126 1657 1346 1692 novercae

136 1711 363 1761 Monstra
382 1729 529 1761 manu
550 1712 859 1775 geminosque
882 1727 1102 1775 premens
1124 1708 1303 1758 eliserit
1325 1706 1521 1773 anguis3

134 1776 212 1827 Ut
233 1778 357 1827 bello
378 1778 594 1843 egregias
615 1778 744 1827 idem
766 1777 1004 1842 disjecerit
1026 1776 1173 1834 urbis,
1626 1772 1730 1822 290

134 1842 698 1974 Ῥιζοᾚξέωρξὼεο,
715 1860 834 1958 saltis
856 1838 1450 1971 ιίιιίιῧιιῗιιιιιιὶ.(Β)εἰιιιῖιὶιξῙιιεῗεῙώοω8

135 1972 412 2025 Pertulerit.
480 1975 601 2024 “Tu
621 1976 900 2039 nubigenas,
921 1975 1115 2032 invicte,
1137 1969 1425 2021 bimembres

134 2039 460 2107 Hylaeumque
483 2041 786 2105 Pholumque
807 2057 955 2089 manu
974 2043 1034 2088 tu
1056 2012 1219 2088 Ciesia
1241 2041 1425 2087 mactas

134 2105 377 2173 Prodigia,
399 2111 452 2157 et
471 2111 664 2156 vastum
688 2107 864 2155 Nemia
885 2106 975 2154 sub
998 2122 1114 2169 rupe
1136 2105 1336 2153 leonem.
1627 2101 1727 2150 295

133 2171 207 2222 'l'e
228 2173 390 2238 Stygii
410 2178 647 2223 tremuere
668 2173 812 2231 lacus,
834 2175 886 2220 te
900 2171 1084 2236 janitor
1105 2170 1219 2220 Orci

135 2238 259 2288 Ossa
278 2256 420 2304 super
440 2240 670 2288 recubans
692 2242 833 2287 antro
855 2254 1037 2287 semesa
1057 2240 1286 2295 cruento;

134 2302 242 2354 Nec
263 2309 316 2355 te
337 2305 448 2354 ullae
469 2305 627 2364 facies,
648 2322 747 2354 non
768 2304 980 2353 terruit
966 2320 1068 2367 lpse
1090 2302 1339 2368 Typhoeus

54 2389 61 2396 ·
134 2371 331 2420 Arduus
351 2388 486 2420 arma
504 2375 704 2430 tenens;
736 2387 835 2420 non
856 2373 908 2419 te
930 2369 1130 2419 rationis
1152 2371 1377 2434 egentem

134 2435 366 2486 Lernaeus
387 2437 533 2494 turba
552 2437 765 2502 capitum
787 2435 1108 2486 circumstetit
1130 2435 1315 2498 anguis.
1589 2447 1592 2450 ’
1627 2431 1727 2479 800

134 2502 288 2563 Salve,
310 2520 423 2553 vera
443 2503 480 2552 J
482 2520 584 2552 ovls
605 2503 776 2567 p,roles
798 2503 941 2552 decus
964 2502 1126 2550 addite
1148 2501 1301 2558 divis;

134 2567 209 2618 Et
229 2586 318 2619 nos
338 2573 391 2619 et
410 2572 500 2619 tua
520 2570 687 2619 dexter
709 2541 787 2617 ad'i
808 2568 927 2633 pede
949 2584 1083 2616 sacra
1103 2563 1362 2615 secundof’

134 2633 273 2684 Talia
292 2635 580 2684 carminibus
603 2635 871 2684 celebrant·
928 2650 1069 2698 super
1090 2631 1252 2681 omnia
1273 2628 1388 2678 Caci

135 2700 421 2765 Speluncam
441 2701 688 2767 adjiciunt,
710 2700 1064 2764 spirantemque
1086 2698 1277 2762 ignibus
1299 2695 1459 2761 ipsum

138 2765 383 2816 Consonat
403 2783 544 2816 omne
565 2783 735 2815 nemus
758 2769 855 2814 stre
889 2765 979 2822 itu,
1002 2763 1236 2827 collesque
1258 2760 1510 2813 resultant.
1622 2759 1722 2809 806

202 2833 331 2881 Exin
353 2849 405 2882 se
425 2833 587 2883 cuncti
610 2831 784 2881 divinis
807 2782 979 2879 reiius
969 2829 1029 2878 ad
1052 2829 1219 2878 urbem

139 2894 367 2949 Perfectis
390 2898 617 2951 referunt.
687 2898 800 2947 lbat
823 2913 905 2946 rex
927 2893 1112 2946 obsitus
1134 2910 1251 2954 ατο,
