1988 3034
667 159 908 201 mmos
929 162 1033 199 nm.
1058 162 1158 200 v11.

116 280 359 347 Signaque
378 280 501 330 ferre
515 281 672 346 juvat,
695 284 974 346 sonitusque
996 282 1160 332 audire
1180 280 1422 333 tubarum.

117 348 342 411 Quinque
362 347 480 396 adeo
502 364 692 413 magnae
712 350 883 413 positis
906 350 1157 397 incudibus
1179 349 1322 397 urbes

115 412 236 463 Tela
255 417 453 472 novant,
474 414 629 462 Atina
648 420 834 478 potens,
859 415 1102 477 Tiburque
1125 415 1398 479 superbum,
1609 418 1712 466 630

117 480 292 538 Ardea,
316 479 721 543 Crustumerique,
743 485 794 529 et
815 481 1066 545 turrigerae
1087 482 1361 529 Antemnae.

117 545 356 610 Tegmina
374 549 487 594 tuta
508 550 681 594 cavant
703 547 931 610 capitum,
954 547 1249 611 flectuntque
1271 547 1478 613 salignas

118 610 400 660 Umbonum
423 615 604 670 crates3
637 613 718 660 alii
738 614 959 661 thoracas
981 613 1173 672 ahenos,

118 679 224 726 Aut
245 678 372 727 levoe
394 695 553 727 ocreas
574 678 707 727 lento
729 679 914 727 ducunt
936 683 1164 743 argento:
1675 711 1677 715 -

118 743 338 792 Vomeris
360 744 455 793 huc
477 748 528 793 et
549 745 682 792 falcis
703 745 871 802 honos,
899 745 994 793 huc
1017 745 1173 792 omnis
1195 746 1344 794 aratri
1610 745 1708 796 635

118 809 276 858 Cessit
298 826 459 859 amor:
493 812 759 873 recoquunt
780 811 962 874 patrios
985 811 1255 859 fornacibus
1278 827 1428 860 enses.

118 875 327 924 Classica
342 876 538 941 jamque
561 879 762 934 sonant;
796 877 839 924 it
861 877 986 924 bello
1008 879 1189 924 tessera
1210 877 1420 941 signum.

118 941 219 990 Hic
239 942 425 1006 galeam
447 942 590 990 tectis
613 942 828 1006 trepidus
851 943 1005 1006 rapit;
1039 942 1120 990 ille
1142 944 1399 992 frementes

118 1007 199 1055 Ad
212 1007 336 1072 juga
356 1008 489 1071 cogit
510 1025 684 1071 equos3
718 1009 1016 1072 clipeumque
1038 1025 1247 1071 auroque
1269 1010 1475 1059 trilicem

39 1124 42 1125 γ
118 1072 339 1122 Loricam
361 1074 579 1122 induitur
600 1074 789 1138 fidoque
812 1075 1080 1138 accingitur
1102 1092 1227 1124 ense.
1611 1078 1712 1126 640
1732 1076 1738 1081 ’

183 1139 391 1188 Pandite
412 1157 541 1189 nunc
564 1140 815 1199 Helicona,
839 1141 954 1199 deae,
978 1144 1241 1205 cantusque
1264 1143 1469 1202 movete,

117 1205 214 1265 Qui
235 1206 360 1254 bello
383 1206 528 1254 exciti
549 1223 700 1271 reges,
724 1223 831 1270 quae
854 1224 1090 1271 quemque
1113 1212 1291 1256 secutae

117 1271 415 1335 Complerint
438 1289 630 1336 campos
653 1273 803 1333 acies3
838 1274 1010 1336 quibus
1035 1274 1163 1321 Itala
1177 1274 1281 1338 jam
1302 1276 1413 1322 tum

117 1336 360 1386 Floruerit
382 1341 511 1387 terra
531 1339 658 1387 alma
678 1340 808 1398 viris,
832 1340 1005 1402 quibus
1028 1341 1198 1388 arserit
1220 1341 1380 1388 armis.

115 1403 189 1452 Et
210 1404 496 1452 meministis
517 1405 661 1463 enim,
684 1406 819 1463 divae,
842 1409 893 1453 et
915 1423 1176 1454 memorare
1199 1406 1431 1470 potestis3
1610 1408 1709 1457 645

114 1469 194 1517 Ad
218 1486 306 1518 nos
327 1471 408 1518 vix
429 1471 591 1519 tenuis
613 1472 751 1519 famae
773 1471 1036 1534 perlabitur
1058 1488 1184 1520 aura.

182 1535 377 1584 Primus
399 1537 493 1584 init
515 1537 694 1585 bellum
716 1537 979 1600 Tyrrhenis
1002 1554 1139 1602 asper
1162 1539 1222 1586 ab
1245 1539 1340 1587 oris

116 1599 404 1651 contemtor
426 1603 591 1650 divum
617 1603 904 1662 Mezentius,
929 1605 1214 1667 agminaque
1237 1605 1408 1652 armat.

116 1666 271 1715 Filius
292 1668 405 1716 huic
419 1669 564 1734 juxta
585 1668 785 1728 Lausus,
809 1686 904 1733 quo
926 1670 1170 1733 pulchrior
1191 1670 1314 1719 alter

115 1732 232 1782 Non
253 1734 363 1793 fuit,
386 1738 584 1799 excepto
607 1735 864 1783 Laurentis
891 1752 1084 1800 corpore
1107 1736 1275 1785 Turni.
1611 1738 1710 1785 650

115 1799 319 1859 Lausus,
342 1817 517 1863 equum
545 1801 756 1850 domitor
777 1802 1128 1865 debellatorque
1151 1803 1374 1863 ferarum,

115 1863 269 1914 Ducit
290 1866 523 1931 Agyllina
542 1867 863 1931 nequidquam
886 1884 944 1916 ex
965 1869 1083 1916 urbe
1106 1872 1295 1917 secutos

115 1930 250 1980 Mille
271 1932 426 1992 viros3
460 1933 649 1997 dignus,
672 1934 840 1997 patriis
863 1934 946 1997 qui
969 1934 1125 1983 laetior
1146 1938 1272 1983 esset

117 1996 194 2045 Im
229 1998 352 2057 eriis,
375 2002 427 2047 et
449 2000 526 2047 cui
548 2005 684 2063 pater
706 2000 836 2047 haud
859 2001 1126 2048 Mezentius
1149 2004 1289 2049 esset.

226 2068 304 2113 ost
326 2064 415 2113 hos
436 2064 674 2129 insignem
696 2066 856 2129 palma
876 2082 961 2129 per
982 2067 1201 2130 gramina
1217 2083 1409 2115 currum
1611 2065 1708 2115 655

115 2127 427 2195 Victoresque
449 2134 665 2180 ostentat
687 2148 832 2194 equos
854 2136 988 2180 satus
1012 2132 1224 2181 Hercule
1246 2133 1445 2197 pulchro

116 2194 324 2244 Pulcher
344 2197 645 2257 Aventinus;
679 2197 923 2261 clipeoque
945 2198 1133 2262 insigne
1155 2202 1410 2263 paternum

115 2259 325 2310 Centum
347 2278 527 2326 angues
549 2264 849 2326 cinctamque
870 2264 999 2327 gerit
1020 2265 1320 2328 serpentibus
1344 2264 1567 2330 Hydram
1586 2285 1597 2324 ;

114 2326 266 2376 Collis
287 2329 521 2377 Aventini
542 2329 663 2378 silva
684 2346 826 2393 quem
851 2329 991 2379 Rhea
1012 2331 1230 2380 sacerdos

117 2392 376 2443 Furtivum
397 2398 541 2459 partu
563 2396 653 2444 sub
674 2395 871 2444 luminis
893 2396 1045 2445 edidit
1067 2413 1188 2455 oras,
1609 2398 1711 2446 660

116 2458 280 2508 Mixta
300 2459 389 2509 deo
411 2461 595 2521 mulier,
618 2465 874 2526 postquam
896 2461 1160 2512 Laurentia
1180 2461 1350 2523 victor,

114 2524 338 2590 Geryone
359 2527 612 2586 exstincto,
636 2527 923 2591 Tirynthius
945 2529 1117 2593 attigit
1138 2546 1266 2589 arva,

115 2589 459 2667 Tyrrhenoque
481 2593 624 2642 boves
647 2593 698 2641 in
721 2593 916 2643 flumine
939 2594 1059 2643 lavit
1082 2595 1261 2644 Iberas.

116 2655 226 2706 Pila
245 2673 392 2707 manu
414 2675 658 2723 saevosque
680 2663 858 2724 gerunt
879 2659 930 2707 in
953 2659 1078 2710 bella
1100 2661 1325 2722 dolones;

115 2721 190 2772 Et
210 2723 353 2773 tereti
374 2730 595 2789 pugnant
617 2742 843 2774 mucrone
865 2741 1073 2789 veruque
1095 2726 1298 2777 Sabello.
1610 2732 1710 2781 665

117 2786 231 2906 rIlpse
250 2789 409 2906 ᾔει,
431 2794 659 2856 tegumen
683 2795 910 2855 torquens
933 2792 1140 2844 immane
1162 2792 1328 2855 leonis,

162 2853 252 2904 erri
289 2854 299 2865 '
323 2855 334 2867 '
358 2856 602 2923 impexum
624 2861 757 2919 seta,
782 2874 895 2907 cum
917 2857 1141 2908 dentibus
1163 2858 1299 2922 albis,

892 2935 922 2969 c
