1988 3034
762 208 809 244 P.
830 205 1066 243 VIRGILII
1086 204 1329 246 mnoms

251 325 523 387 “Quaenam
544 342 629 375 vos
650 327 791 376 tanto
812 327 1008 376 fortuna
1027 326 1239 392 indigna,
1261 325 1441 390 Latini,

250 392 498 456 Implicuit
520 394 658 452 bello,
682 393 765 456 qui
785 411 873 442 nos
894 394 1092 458 fugiatis
1115 395 1290 443 amicos
1307 394 1331 443 P

249 458 425 507 Pacem
446 476 524 508 me
546 459 774 507 exanimis
797 463 847 507 et
870 460 1047 508 Martis
1070 463 1198 508 sorte
1219 461 1445 524 peremtis

248 524 450 573 Oratis?
485 525 703 588 equidem
725 528 775 573 et
797 526 918 573 vivis
941 527 1194 574 concedere
1216 527 1405 575 vellem.

246 589 353 638 Nec
375 591 499 650 veni,
521 592 615 639 nisi
637 592 738 639 fata
758 592 918 639 locum
941 593 1192 656 sedemque
1215 593 1485 651 dedissent;

245 654 299 702 N
299 671 351 704 ec
373 656 551 704 bellum
574 673 684 705 cum
706 661 850 721 gente
873 675 1013 722 gero:
1048 674 1131 706 rex
1151 661 1318 706 nostra
1338 659 1531 723 reliquit

244 719 489 785 Hospitia,
512 725 562 771 et
585 723 739 770 Turni
760 725 921 788 potius
945 741 994 772 se
1018 724 1218 772 credidit
1240 725 1399 772 armis.

243 785 449 851 AEquius
470 788 583 836 huic
606 789 826 855 Turnum
847 791 1003 838 fuerat
1027 806 1076 838 se
1099 807 1334 854 opponere
1356 790 1519 839 morti.

243 850 296 899 Si
317 853 494 901 bellum
518 855 655 905 finire
676 872 838 914 manu,
862 857 903 904 si
923 856 1096 919 pellere
1118 856 1326 905 Teucros

241 919 475 982 Apparat,
496 916 574 970 his
596 938 784 971 mecum
806 923 966 970 decuit
990 938 1264 971 concurrere
1285 923 1394 971 telis
1412 943 1422 982 ;

241 982 505 1048 'Vixetscui
528 989 680 1036 vitam
702 989 817 1036 deus
841 991 926 1036 aut
949 1004 1035 1036 sua
1056 988 1223 1036 dextra
1245 989 1466 1038 dedisset.

240 1037 390 1166 &anso
413 1054 496 1113 ite,
519 1057 570 1102 et
593 1054 776 1102 miseris
800 1055 1053 1118 supponite
1075 1055 1256 1102 civibus
1278 1055 1493 1119 ignem.'’

240 1159 248 1165 .
293 1119 445 1167 ixerat
467 1119 658 1168 AEneas.
728 1120 824 1167 Olli
846 1122 1132 1184 obstupuere
1155 1121 1376 1179 silentes3

242 1184 563 1250 Conversique
586 1185 745 1234 oculos
768 1186 895 1233 inter
918 1203 967 1234 se
990 1189 1133 1250 atque
1157 1203 1240 1234 ora
1260 1188 1507 1235 tenebant.

241 1250 370 1299 Tum
392 1253 548 1300 senior
570 1268 846 1315 semperque
869 1252 988 1299 odiis
1011 1256 1061 1300 et
1085 1252 1281 1301 crimine
1305 1253 1518 1302 Drances

240 1315 465 1365 Infensus
481 1318 647 1381 juveni
671 1318 834 1366 Turno
858 1319 924 1366 sic
948 1335 1027 1366 ore
1050 1318 1259 1366 vicissim

241 1383 363 1430 Orsa
383 1385 556 1432 refert:
593 1388 620 1409 “
637 1384 679 1431 Ο
703 1385 829 1431 fama
849 1385 1034 1448 ingens,
1057 1385 1300 1447 ingentior
1321 1385 1480 1443 armis,

238 1446 328 1495 Vir
350 1448 566 1514 Trojane,
590 1450 761 1513 quibus
785 1450 905 1498 coelo
927 1454 978 1498 te
999 1451 1217 1498 laudibus
1240 1467 1421 1515 aequem
1439 1450 1463 1499 Ρ

238 1512 274 1560 J
276 1515 515 1564 ustitiaene
537 1516 668 1580 prius
690 1517 845 1575 mirer,
871 1516 1044 1564 belline
1065 1517 1281 1565 laborum
1298 1517 1322 1566 P

237 1579 344 1628 Nos
366 1597 479 1629 vero
502 1582 602 1630 haec
625 1583 831 1645 patriam
854 1583 982 1646 grati
1004 1582 1258 1631 referemus
1281 1583 1343 1630 ad
1364 1582 1560 1643 urbem;

238 1645 309 1693 Et
330 1649 396 1706 te,
421 1647 461 1695 si
484 1665 578 1711 qua
598 1649 726 1696 viam
750 1649 933 1696 dederit
955 1650 1161 1707 fortuna,
1185 1649 1362 1697 Latino

237 1711 273 1757 J
274 1728 509 1776 ungemus
532 1714 647 1776 regi.
718 1714 910 1773 Quaerat
934 1715 1023 1762 sibi
1045 1716 1223 1763 foedera
1245 1716 1451 1763 Turnus.

237 1776 370 1835 Quin
393 1782 444 1826 et
466 1779 633 1826 fatales
655 1796 901 1827 murorum
924 1781 1118 1828 atollere
1141 1781 1303 1839 moles,

237 1843 451 1907 Saxaque
474 1845 751 1893 subvectare
774 1845 984 1893 humeris
1008 1847 1214 1910 Trojana
1227 1846 1471 1910 juvabit.”

235 1907 438 1957 Dixerat
461 1910 580 1969 haec,
604 1927 793 1974 unoque
817 1928 979 1959 omnes
1003 1912 1167 1960 eadem
1191 1929 1270 1960 ore
1292 1912 1575 1961 fremebant.

236 1973 323 2022 Bis
345 1991 483 2023 senos
504 1977 724 2040 pepigere
748 1977 861 2035 dies,
885 1980 935 2025 et
957 1994 1071 2041 pace
1093 1981 1337 2042 sequestra

236 2039 330 2087 Per
352 2041 493 2089 silvas
517 2042 703 2102 Teucri,
727 2043 960 2105 mixtique
981 2044 1176 2106 impune
1199 2044 1379 2103 Latini,

234 2104 467 2155 Erravere
482 2108 630 2171 jugis.
700 2108 847 2156 Ferro
871 2112 1011 2156 sonat
1032 2110 1131 2157 ieta
1151 2110 1345 2173 bipenni

234 2170 498 2232 Fraxinus3
533 2176 758 2222 evertunt
781 2177 911 2222 actas
935 2175 995 2222 ad
1018 2175 1170 2224 sidera
1191 2177 1331 2239 pinus
1350 2197 1360 2234 ;

233 2235 427 2285 Robora
448 2255 535 2286 nec
558 2240 717 2287 cuneis
740 2243 790 2288 et
814 2241 1024 2289 olentem
1047 2242 1258 2290 scindere
1281 2243 1489 2300 cedrum,

232 2301 285 2349 N
286 2318 338 2350 ec
360 2303 586 2366 plaustris
609 2309 795 2353 cessant
817 2310 1006 2354 vectare
1028 2308 1330 2370 gementibus
1354 2325 1508 2356 ornos.

298 2368 370 2416 Et
385 2369 489 2432 jam
513 2370 666 2418 Fama
686 2371 865 2430 volans,
888 2373 1016 2419 tanti
1038 2374 1309 2435 praenuncia
1329 2374 1503 2432 luctus,

231 2431 515 2482 Evandrum
538 2436 843 2499 Evandrique
867 2438 1031 2485 domos
1055 2440 1105 2485 et
1126 2439 1304 2485 moenia
1326 2440 1547 2503 complet,

231 2498 349 2556 Quae
370 2502 513 2549 modo
535 2502 767 2550 victorem
789 2503 932 2550 Latio
957 2503 1178 2551 Pallanta
1199 2504 1395 2552 ferebat.

230 2566 440 2614 Arcades
464 2568 525 2614 ad
546 2571 708 2630 portas
731 2585 879 2628 ruere,
904 2571 954 2616 et
977 2569 1035 2616 de
1057 2585 1188 2617 more
1209 2572 1404 2618 vetusto

231 2628 472 2679 Funereas
494 2649 690 2696 rapuere
712 2634 852 2682 faces,
921 2634 1075 2682 Lucet
1097 2635 1175 2682 via
1195 2635 1340 2699 longo

230 2695 409 2744 Ordine
426 2698 741 2759 flammarum,
766 2703 816 2747 et
838 2700 935 2748 late
959 2701 1255 2749 discriminat
1277 2717 1432 2764 agros.

229 2759 411 2809 Contra
433 2765 577 2812 turba
599 2765 854 2829 Phrygum
875 2767 1069 2814 veniens
1091 2767 1367 2830 plangentia
1381 2767 1598 2831 jungunt

227 2826 453 2889 Agmina.
523 2830 638 2888 Quae
661 2835 916 2895 postquam
938 2835 1115 2881 matres
1137 2833 1381 2881 succedere
1402 2834 1548 2883 tectis

230 2890 480 2955 Viderunt,
504 2899 721 2945 maestam
743 2898 1006 2947 incendunt
1029 2898 1311 2948 clamoribus
1333 2899 1516 2949 urbem.

1733 463 1834 511 110

1733 791 1831 840 115

1734 1122 1831 1169 120

1731 1451 1828 1498 125

1727 1782 1827 1830 130

1722 2113 1820 2159 135

1719 2442 1819 2490 140

1716 2770 1814 2820 145
