1988 3034
682 152 923 192 mos
943 153 1051 191 12113.
1072 154 1172 192 vn.

132 274 245 323 Hoc
266 274 413 322 etiam
434 272 512 320 his
534 272 719 331 addam,
742 275 832 321 tua
852 272 895 321 si
915 273 1037 322 mihi
1058 275 1191 324 certa
1208 273 1462 326 volunfflz

133 339 391 389 Finitimas
411 338 463 386 in
485 335 612 387 bella
631 337 781 387 feram
802 339 1072 388 rumoribus
1094 339 1251 401 urbae,

130 404 496 468 Accendamque
517 403 708 454 animos'
721 404 879 452 insani
900 403 1078 453 Martis
1099 421 1274 467 amore,
1627 410 1730 460 550

131 468 360 535 Undique
379 474 440 519 ut
461 468 636 519 auxilio
658 470 883 530 veniant3
917 487 1142 536 spargam
1163 488 1298 522 arma
1315 488 1402 538 per
1421 473 1612 540 agree.’'

133 536 263 587 Tum
283 539 452 586 contra
472 536 510 584 J
509 553 607 585 uno
621 557 635 586 ε
671 538 699 562 “
716 535 973 586 Terrorum
995 541 1046 587 et
1068 538 1248 588 fraudis
1270 538 1459 590 abunde
1478 541 1568 591 eet.

133 603 281 651 Stant
300 603 417 652 belli
438 618 620 662 causae3
654 605 900 678 pugnatur
922 604 1137 653 cominus
1160 606 1332 655 armis:

134 669 256 728 Quae
276 669 373 718 fors
393 669 551 733 prima
571 667 719 729 dedit,
742 670 935 734 sanguis
958 686 1111 719 novus
1133 671 1310 721 imbuit
1332 687 1479 722 anna.

133 734 273 783 Talia
292 734 531 783 connubia
551 735 603 783 et
623 733 747 783 tales
770 735 1008 784 celebrent
1030 736 1308 800 hymenaeos
1627 736 1729 789 555

303 801 402 849 ‘um
423 798 622 849 Veneris
643 816 796 864 genus
819 803 870 849 et
891 817 975 850 rex
996 801 1097 865 ipse
1120 802 1341 853 Latinus.
1648 811 1651 813 ’

134 866 206 915 Te
228 883 369 931 super
394 865 612 914 aetherias
635 881 789 915 errare
810 866 1034 916 licentius
1057 884 1194 917 auras

135 932 286 981 Haud
308 932 455 981 Pater
475 933 556 981 ille
578 931 710 992 velit,
733 933 911 981 summi
932 937 1159 998 regnator
1182 934 1394 1000 Olympi.

134 998 262 1048 Cede
282 998 412 1047 locis.
482 997 608 1063 Ego,
631 998 673 1046 si
696 1015 791 1062 qua
812 1016 953 1063 super
974 1000 1170 1049 fortuna
1189 1001 1409 1051 laborum
1431 1005 1520 1062 est,

134 1064 248 1130 Ipse
268 1063 483 1130 regam.”
553 1063 693 1113 Tales
715 1065 911 1114 dederat
933 1066 1160 1116 Saturnia
1180 1084 1335 1117 voces.
1632 1070 1732 1118 560

134 1127 231 1180 Illa
250 1134 414 1180 autem
436 1129 620 1180 attollit
642 1130 900 1180 stridentes
923 1133 1160 1197 anguibus
1182 1134 1297 1194 alae,

135 1197 401 1262 Cocytique
421 1197 548 1262 petit
569 1197 744 1258 sedem,
767 1214 938 1262 supera
958 1200 1106 1248 ardua
1126 1199 1362 1264 linquens.

134 1263 232 1312 Est
252 1263 386 1312 locus
408 1263 567 1312 Italioe
589 1264 746 1312 medio
769 1265 859 1312 sub
881 1266 1129 1314 montibus
1152 1266 1280 1327 altis,

134 1329 327 1379 Nobilis
348 1331 400 1379 et
422 1330 550 1378 fama
570 1329 739 1378 multis
761 1334 1053 1380 memoratus
1074 1332 1128 1380 in
1149 1332 1260 1392 oriS‚

135 1396 389 1444 Amsancti
409 1396 584 1456 vallem
617 1396 774 1445 densis
795 1396 926 1446 hunc
948 1398 1196 1450 frondibus
1217 1401 1379 1447 atrum
1632 1399 1731 1447 565

136 1461 296 1526 Urget
316 1461 560 1526 utrimque
581 1455 708 1510 latus
730 1463 952 1522 nemoris,
975 1464 1225 1528 medioque
1246 1465 1463 1529 fragosus

138 1528 241 1576 Dat
262 1528 476 1576 sonitum
498 1527 623 1575 saxis
646 1530 697 1577 et
718 1530 852 1577 torto
875 1530 1054 1578 vertice
1075 1532 1278 1579 torrens.

138 1593 238 1642 Hie
259 1609 426 1658 specus
447 1593 752 1652 horrendum,
776 1594 891 1642 saevi
914 1595 1146 1658 spiracula
1167 1594 1316 1655 Ditis,

139 1659 458 1718 Monstratur,
479 1662 717 1724 ruptoque
739 1659 909 1724 ingens
932 1661 1207 1710 Acheronte
1229 1678 1408 1727 vorago

138 1724 396 1774 Pestiferas
418 1725 571 1789 aperit
592 1726 777 1774 fauces:
813 1727 946 1790 queis
969 1727 1163 1776 condita
1185 1728 1381 1794 Erinys,
1633 1729 1735 1779 670

139 1789 359 1840 Invisum
380 1807 575 1851 numen,
596 1794 748 1840 terras
771 1792 1038 1856 coelumque
1059 1793 1266 1843 levabat.

204 1858 311 1907 Nec
331 1858 492 1906 minus
514 1856 698 1906 interea
718 1860 983 1907 extremam
1004 1859 1232 1909 Saturnia
1252 1861 1378 1909 bello

139 1924 358 1989 Imponit
378 1924 545 1989 regina
565 1941 776 1972 manum.
845 1924 971 1973 Ruit
993 1926 1149 1975 omnis
1170 1926 1223 1974 in
1244 1928 1413 1976 urbem

139 1990 398 2040 Pastorum
419 2007 478 2039 ex
499 1991 598 2040 acie
619 2007 860 2052 numerus,
883 2007 1121 2056 caesosque
1141 1995 1392 2057 reportant

138 2057 398 2107 Almonem
419 2073 620 2121 puerum
642 2057 902 2121 foedatique
925 2074 1008 2106 ora
1030 2058 1232 2118 Galaesi3
1634 2058 1735 2109 5¹75

139 2122 504 2188 Implorantque
526 2122 653 2181 deos,
676 2122 1074 2187 obtestanturque
1097 2123 1343 2173 Latinum.

140 2188 335 2238 Turnus
357 2189 507 2248 adest,
531 2188 780 2252 medioque
803 2188 855 2236 in
877 2189 1075 2239 crimine
1098 2190 1240 2239 caedis
1263 2193 1315 2240 et
1336 2189 1464 2256 ignis

140 2255 391 2305 Terrorem
413 2254 707 2319 ingeminat:
743 2254 952 2305 Teucros
973 2256 1027 2304 in
1047 2273 1196 2321 regna
1216 2258 1404 2318 voeari3

140 2321 352 2386 Stirpem
374 2320 622 2369 admisceri
644 2318 780 2386 Phry
817 2321 828 2332 '
926 2341 939 2382 ς
973 2338 1023 2372 se
1045 2322 1210 2372 limine
1230 2323 1358 2388 pelli.

140 2386 285 2446 Tum,
307 2403 512 2451 quorum
534 2386 760 2436 attonitae
831 2388 979 2438 accho
1000 2404 1196 2439 nemora
1217 2390 1323 2439 avia
1343 2390 1523 2441 matres
1634 2385 1736 2441 580

142 2451 392 2502 Insultant
413 2453 598 2514 thiasis,
621 2469 774 2518 neque
796 2454 924 2503 enim
946 2454 1050 2505 leve
1071 2473 1248 2505 nomen
1270 2456 1479 2519 Amatae,

142 2518 369 2583 Undique
391 2518 578 2568 collecti
601 2521 794 2580 coeunt,
816 2519 1123 2587 Martemque
1144 2522 1371 2587 fatigant.

142 2584 287 2634 Ilicet
307 2585 558 2634 infandum
579 2585 742 2634 cuncti
764 2588 934 2635 contra
953 2588 1115 2637 omina
1134 2588 1328 2648 bellum,

143 2650 328 2701 Contra
347 2650 449 2700 sata
469 2650 627 2711 deum,
649 2667 869 2715 perverso
892 2653 1089 2703 numine
1110 2658 1347 2719 poscunt:

143 2715 382 2767 Certatim
402 2717 529 2783 regis
551 2717 866 2767 circumstant
887 2721 1020 2768 tecta
1040 2717 1222 2770 Latini.
1636 2715 1738 2771 68⁶

143 2779 252 2843 me,
273 2781 408 2832 velut
428 2782 586 2849 pelagi
605 2798 747 2849 rupee
769 2784 985 2845 immota,
1007 2785 1218 2847 resistitg

146 2847 248 2915 [Ut
266 2847 425 2917 pelagi
444 2864 600 2917 rupen,
621 2864 799 2917 magno
821 2850 1043 2904 veniente
1063 2850 1289 2920 fragm-ed
