1988 3034
680 115 920 154 mmo!
940 114 1048 153 Ian.
1071 114 1149 154 11.

114 235 353 288 Excutiat
373 235 582 286 Teucros
603 236 745 297 vallo,
767 238 912 302 atque
933 236 1149 286 effundat
1171 234 1223 284 in
1244 248 1420 306 aequor.

114 304 342 363 Classem,
365 319 471 368 quae
491 302 631 351 lateri
655 306 920 352 castrorum
943 303 1168 380 adjuncta
1188 301 1384 378 latebat,

113 370 871 499 Quum&
879 367 1341 500 ssffizfflzzzffl*

113 503 279 566 Atque
298 518 496 550 manum
519 503 638 566 pinu
658 502 883 567 flagranti
905 502 1113 550 fervidus
1135 500 1319 564 implet.

115 568 244 616 Tum
264 584 377 616 vero
397 568 685 617 incumbunt
702 589 713 628 ;
746 571 890 632 urget
911 568 1170 632 praesentia
1191 564 1375 626 Turni3

115 635 279 698 Atque
301 634 457 682 omnis
480 635 662 683 facibus
684 635 832 698 pubes
856 635 1123 698 accingitur
1145 633 1277 681 atris.

115 700 369 765 Diripuere
392 701 549 759 focos3
582 701 772 764 piceum
794 701 887 748 fert
909 701 1092 747 fumida
1113 700 1276 747 lumen

115 766 274 825 Taeda,
297 769 348 814 et
371 767 680 814 commixtam
703 765 946 813 Vulcanus
970 765 1031 812 ad
1053 767 1183 812 astra
1203 764 1430 813 favillam.

182 832 302 891 Quis
323 833 455 892 deus,
477 848 507 880 o
530 831 702 891 Musae,
725 834 829 878 tam
853 847 978 879 soeva
999 830 1219 878 incendia
1238 830 1435 880 Teucris

115 898 313 946 Avertit
328 896 354 948 Ρ
386 900 551 946 tantos
573 897 758 947 ratibus
781 897 887 961 quis
911 897 1095 960 depulit
1116 896 1252 961 ignes
1269 895 1293 944 f·

116 964 294 1012 Dicite.
362 962 528 1012 Prisca
547 964 665 1012 fides
688 963 831 1023 facto,
854 963 938 1011 sed
958 963 1087 1011 fama
1107 962 1343 1026 perennis·

115 1030 352 1095 Tempore
373 1046 468 1094 quo
489 1030 699 1094 primum
722 1029 940 1094 Phrygia
961 1029 1199 1078 formabat
1221 1029 1271 1077 in
1295 1028 1388 1077 Ida

117 1096 295 1145 AEneas
316 1095 527 1156 classem,
550 1098 602 1144 et
622 1095 781 1160 pelagi
802 1099 963 1160 petere
986 1095 1086 1143 alta
1106 1095 1319 1159 parabat,

119 1162 236 1226 Ipsa
256 1162 399 1211 deum
422 1162 575 1210 fertur
597 1162 815 1227 genetrix
839 1161 1129 1231 Berecyntia
1148 1176 1380 1226 magnum

117 1228 328 1277 Vocibus
348 1228 426 1276 his
448 1229 594 1276 affata
614 1228 652 1276 J
652 1245 818 1277 ovem:
854 1231 882 1254 ‘⁴
897 1228 991 1289 Da,
1013 1230 1141 1288 nate,
1163 1226 1366 1292 petenti,

119 1294 261 1354 Quod
281 1297 370 1343 tua
390 1310 499 1343 cara
518 1311 688 1359 parens
711 1294 895 1343 domito
916 1296 970 1343 te
991 1294 1148 1358 poscit
1169 1294 1393 1359 Olympo.

119 1359 272 1409 Pinea
293 1360 413 1409 silva
433 1361 555 1409 mihi
576 1361 757 1410 multos
780 1361 956 1409 dilecta
976 1376 1063 1424 per
1084 1376 1261 1409 annos:

123 1425 310 1491 [Lucus
331 1427 384 1475 in
406 1443 511 1476 arce
532 1427 628 1475 fuit
651 1443 852 1489 summa,
876 1442 971 1489 quo
994 1442 1127 1474 sacra
1146 1426 1379 1489 ferebant,
1428 1427 1436 1435 ’

121 1492 356 1557 Nigranti
376 1493 510 1557 picea
529 1493 840 1557 trabibusque
863 1493 1090 1541 obscurus
1113 1492 1294 1541 acernis
1310 1491 1347 1556 :]

123 1558 230 1606 Has
251 1575 341 1623 ego
366 1558 611 1607 Dardanio
626 1559 809 1624 juveni,
834 1575 983 1623 quum
1005 1559 1167 1606 classis
1189 1560 1368 1623 egeret,

123 1623 266 1673 Laeta
287 1625 419 1672 dedi:
457 1641 584 1673 nunc
607 1625 862 1673 sollicitam
885 1625 1034 1672 timor
1055 1624 1223 1672 anxius
1245 1625 1403 1688 urget.

121 1689 263 1739 Solve
284 1694 458 1751 metus,
482 1693 625 1754 atque
647 1690 740 1739 hoc
761 1691 979 1755 precibus
1002 1690 1103 1738 sine
1125 1706 1263 1754 posse
1283 1689 1547 1756 parentem,

122 1756 202 1805 Ne
224 1772 364 1805 cursu
388 1760 623 1821 quassatae
643 1757 742 1805 ullo
764 1774 860 1806 neu
880 1757 1074 1805 turbine
1095 1756 1231 1805 venti

124 1822 420 1872 vincantur:
455 1824 608 1887 prosit
630 1823 807 1871 nostris
830 1823 881 1870 in
904 1823 1150 1872 montibus
1172 1821 1355 1872 ortas.”
1425 1843 1430 1847 ·

126 1888 277 1937 Filius
298 1889 411 1938 huic
433 1892 614 1950 contra,
636 1891 832 1952 torquet
854 1889 938 1952 qui
959 1889 1114 1938 sidera
1134 1889 1334 1939 mundi:

125 1959 151 1980 “
168 1954 212 2003 O
234 1956 467 2020 genetrix,
490 1973 585 2020 quo
606 1956 709 2003 fata
729 1954 912 2004 vocas?
946 1958 1033 2004 aut
1055 1956 1171 2018 quid
1190 1956 1316 2019 petis
1337 1953 1487 2008 istis?

126 2020 389 2069 Mortaline
410 2038 558 2070 manu
580 2022 721 2069 factae
745 2022 1016 2070 immortale
1038 2021 1213 2069 carinoe

127 2086 223 2135 Fas
244 2087 455 2135 habeant
470 2086 495 2136 Ρ
529 2090 780 2151 certusque
801 2088 987 2135 ineerta
1006 2087 1215 2151 pericula
1235 2086 1411 2137 lustret

128 2152 304 2201 AEneas
325 2151 349 2201 Ρ
384 2153 460 2201 cui
483 2155 622 2201 tanta
644 2153 732 2202 deo
755 2153 985 2217 permissa
1004 2155 1218 2217 potestas
1234 2153 1261 2203 i>

130 2217 305 2278 Immo,
327 2218 411 2267 ubi
434 2218 669 2267 defunctae
692 2219 838 2268 finem
859 2222 1121 2284 portusque
1143 2219 1381 2269 tenebunt

129 2284 368 2333 Ausonios
390 2284 519 2345 olim,
574 2301 853 2349 uaecumque
875 2286 1078 2334 evaserit
1100 2285 1243 2335 undis

131 2349 521 2415 Dardaniumque
578 2367 715 2400 ucem
742 2351 1004 2400 Laurentia
1023 2351 1207 2401 vexerit
1230 2367 1358 2411 arva,

131 2416 392 2466 Mortalem
413 2417 611 2481 eripiam
632 2417 850 2479 formam,
873 2418 1038 2482 magni
1070 2435 1130 2467 ue
1146 2418 1325 2482 jubebo

132 2482 358 2547 AEquoris
381 2499 482 2532 esse
505 2483 642 2532 deas:
678 2483 831 2547 qualis
854 2484 1031 2533 Nereia
1040 2435 1187 2533 cboto

132 2547 206 2598 Et
228 2548 430 2598 Galatea
451 2552 615 2598 secant
637 2551 941 2613 spumantem
962 2554 1155 2615 pectore
1177 2546 1434 2614 pontum.”

134 2613 364 2664 Dixerat:
396 2615 540 2679 idque
562 2617 723 2663 ratum
746 2614 908 2680 Stygii
929 2632 1014 2680 per
1034 2615 1234 2663 flumina
1253 2613 1431 2676 fratris,

135 2678 232 2730 Per
251 2681 356 2745 pice
376 2682 614 2731 torrentes
637 2684 834 2746 atraque
856 2681 1082 2746 voragine
1104 2681 1231 2746 ripas

138 2746 342 2807 Annuit,
362 2749 415 2796 et
433 2749 598 2797 totum
619 2750 745 2796 nutu
766 2747 1034 2797 tremefecit
1056 2746 1335 2815 Olympum.

204 2812 342 2882 Ergo
362 2812 528 2866 admi
546 2813 781 2884 promissa
801 2813 917 2878 dies,
938 2814 991 2864 et
1009 2815 1230 2883 tempora
1249 2812 1413 2865 Parcoe

1644 363 1711 416 '70

1644 665 1763 747 75'

1649 1029 1716 1076 80

1653 2018 1723 2073 95

1627 2349 1723 2404 100

1629 2677 1728 2735 105
