1988 3034
604 160 844 203 mltos
865 160 973 200 tm.
994 159 1117 199 vm.

68 282 141 332 Et
162 280 393 332 scelerum
413 297 595 347 poenae,
617 284 668 331 et
682 285 750 342 te,
773 280 996 342 Catilina,
1018 278 1196 337 minaei

66 348 367 406 Pendentem
387 347 595 412 seopulo‚
618 347 966 410 Furiarumque
989 363 1073 395 ora
1090 344 1396 408 trementem,

67 414 379 477 secretosque
399 414 531 478 pios3
563 413 640 462 his
663 414 859 462 dantem
873 413 986 478 jura
1008 412 1255 462 Catonem.
1555 408 1659 466 670

66 479 190 528 Haec
209 481 338 528 inter
357 479 535 528 tumidi
554 478 652 528 late
673 480 818 527 maris
839 479 943 527 ibat
965 479 1125 542 imago

66 546 241 606 Aurea,
263 546 348 594 sed
367 545 520 594 fluctu
541 546 829 609 spumabant
851 544 1022 592 caerula
1042 560 1189 604 can03

66 610 141 659 Et
163 612 342 660 circum
363 614 564 675 argento
587 611 700 659 clari
723 611 967 675 delphines
989 611 1042 658 in
1064 611 1229 659 orbem

199 694 283 726 ora
301 678 557 726 verrebant
579 677 755 736 caudis,
778 679 1040 740 aestumque
1062 675 1304 725 secabant.

68 741 129 790 In
153 743 312 791 medio
333 743 503 792 classes
524 745 707 802 aeratas,
729 742 875 790 Aetia
896 742 1033 799 bella,
1559 737 1658 794 676

68 807 272 857 Cernere
295 811 426 868 erat3
456 810 714 871 totumque
734 807 973 855 instructo
997 805 1161 854 Marte
1181 804 1366 853 videres

68 872 274 923 Fervere
296 873 554 934 Leucaten,
577 889 784 935 auroque
806 872 1031 936 effulgere
1053 872 1244 927 fluetus.

68 938 205 989 Hine
226 940 480 1003 Augustus
501 955 647 1003 agens
670 938 824 987 Italos
845 938 898 986 in
919 937 1088 1003 proelia
1104 937 1264 985 Caesar

69 1003 195 1059 Cum
215 1005 447 1069 patribus,
468 1005 750 1069 populoque,
777 1005 1031 1068 penatibus
1055 1005 1107 1051 et
1127 1001 1316 1067 magnis
1339 998 1427 1058 dis,
1448 1047 1462 1054 ,

68 1069 215 1119 Stms
237 1070 362 1119 eelsa
381 1071 433 1118 in
454 1070 631 1136 puppi:
666 1071 880 1135 geminas
903 1070 981 1118 cui
1001 1072 1221 1135 tempora
1241 1068 1458 1122 flammas
1561 1066 1662 1115 680

70 1135 213 1185 Iaaeta
231 1138 451 1195 vomunt,
471 1136 776 1201 patriumque
799 1136 1011 1200 aperitur
1030 1135 1209 1184 vertice
1231 1134 1378 1186 sidus.

70 1200 218 1251 Parte
239 1201 333 1251 alia
351 1202 510 1252 ventis
532 1204 584 1250 et
606 1202 680 1251 dis
702 1203 921 1267 Agrippa
941 1201 1159 1258 secundis

68 1267 264 1316 Arduus
286 1283 460 1333 agmen
482 1284 655 1333 agens:
690 1269 782 1327 eui,
803 1268 919 1317 belli
939 1267 1128 1332 insigne
1150 1264 1424 1332 superbum,

69 1332 308 1399 Tempora
327 1334 486 1382 navali
506 1334 696 1401 fulgent
717 1336 928 1383 rostrata
948 1349 1135 1383 corona.
1197 1356 1201 1358 >

69 1397 205 1448 Hine
228 1416 318 1463 ope
338 1399 584 1449 barbariea
603 1399 839 1463 variisque
861 1399 1105 1449 Antonius
1128 1397 1274 1448 armis
1562 1394 1661 1450 685

70 1463 242 1514 Victor
262 1465 323 1513 ab
345 1466 544 1519 Aurorae
564 1465 751 1530 populis
774 1467 825 1514 et
844 1465 987 1514 litore
1007 1465 1153 1514 rubro

71 1529 347 1595 Egyptum
366 1530 584 1595 viresque
607 1520 819 1579 Orientis
841 1534 893 1580 et
913 1530 1088 1580 ultima
1107 1543 1269 1580 secum

71 1594 254 1645 Baetra
272 1595 436 1656 vehit3
468 1597 789 1660 sequiturque,
812 1596 971 1646 nefas!
1006 1595 1244 1663 AEgyptia
1265 1592 1454 1668 conjux.

71 1660 186 1717 Una
205 1678 371 1711 omnes
391 1678 542 1723 ruere,
565 1679 620 1713 ae
640 1664 804 1711 totum
827 1678 1060 1728 spumare,
1082 1659 1293 1711 reductis

71 1725 370 1776 Oonvulsum
390 1728 534 1777 remis
555 1727 817 1792 rostrisque
837 1728 1145 1788 tridentibus,
1168 1741 1343 1796 aequor.
1473 1753 1483 1759 ·
1563 1725 1665 1778 690

70 1792 194 1843 Alta
212 1796 415 1858 petunt:
448 1793 618 1858 pelago
640 1794 802 1843 eredas
822 1795 988 1844 innare
1008 1793 1223 1846 revulsae

74 1857 323 1924 Cycladas,
345 1862 431 1908 aut
452 1864 642 1909 montes
666 1876 942 1910 concurrere
963 1860 1210 1910 montibus
1232 1856 1385 1909 astos:

72 1923 234 1974 Tanta
252 1925 378 1975 mole
398 1925 490 1974 viri
509 1926 702 1974 turritis
724 1927 962 1991 puppibus
983 1927 1183 1983 instant.

74 1989 291 2056 stuppea
309 1991 503 2040 flamma
523 1994 672 2040 manu'
690 1992 894 2055 telisque
915 1993 1110 2042 volatile
1130 1993 1310 2041 ferrum

233 2057 359 2118 'tur3
391 2073 506 2105 arva
525 2073 650 2106 nova
670 2057 922 2122 Neptunia
943 2058 1070 2107 eaede
1091 2058 1365 2106 rubescunt.
1565 2053 1664 2103 695

187 2122 199 2133 ⁹
286 2122 338 2171 in
360 2122 527 2171 mediis
544 2122 700 2187 patrio
722 2126 864 2171 vocat
883 2124 1081 2188 agmina
1102 2123 1245 2172 sistro
1264 2142 1278 2182 ;

74 2186 299 2237 Necdum
320 2188 467 2236 etiam
488 2188 704 2252 geminos
726 2205 756 2237 a
775 2191 914 2254 tergo
936 2189 1130 2253 respicit
1151 2202 1348 2253 angues.

76 2252 492 2319 omnigenumque
514 2253 656 2303 deum
678 2258 895 2303 monstra
915 2257 966 2304 et
987 2254 1190 2304 latrator
1211 2251 1399 2302 Anubis

75 2317 261 2368 Contra
280 2318 567 2384 Neptunum
588 2323 639 2368 et
660 2319 895 2369 Venerem
917 2323 1177 2386 contraque
1199 2320 1472 2368 Minervam

75 2382 198 2435 'l'ela
214 2388 400 2434 tenent.
468 2385 614 2434 Saevit
635 2386 792 2435 medio
814 2387 866 2435 in
888 2387 1148 2436 certamine
1170 2386 1368 2436 Mavors
1568 2382 1667 2431 '700

77 2448 285 2499 Golatus
306 2451 445 2510 ferro,
468 2451 725 2516 tristesque
746 2468 805 2501 ex
827 2452 1004 2502 aethere
1028 2452 1189 2512 Dirae;

77 2514 151 2565 Et
172 2516 317 2566 scissa
337 2516 548 2582 gaudens
571 2517 706 2565 vadit
727 2517 980 2567 Discordia
999 2518 1151 2583 palla:

77 2580 237 2642 Quam
258 2598 368 2631 eum
390 2582 651 2647 sanguineo
673 2583 889 2647 sequitur
910 2584 1112 2633 Bellona
1131 2580 1335 2647 flagello.

78 2647 252 2696 Aetius
272 2647 375 2698 haee
397 2664 591 2698 cernens
614 2665 775 2697 arcum
798 2649 1079 2698 intendebat
1100 2648 1276 2713 Apollo

78 2710 323 2790 Desuper:
357 2714 512 2763 omnis
533 2730 590 2763 eo
611 2717 792 2764 terrore
814 2714 1060 2779 AEgyptus
1082 2716 1134 2763 et
1157 2713 1287 2779 ludi,
1571 2707 1670 2760 705

79 2776 254 2828 Omnis
274 2778 445 2840 Arabs,
466 2795 632 2830 omnes
653 2780 907 2830 vertebant
927 2784 1068 2846 terga
1087 2778 1257 2831 Sabaei.

80 2840 199 2912 Ipso
217 2843 472 2898 videbatur
491 2846 650 2900 ventis
670 2846 839 2914 regina
857 2847 1041 2899 vocatis
