1988 3034
796 136 1036 179 mos
1057 137 1164 178 m.
1185 138 1236 177 Σ.

212 258 337 312 Hoec
356 261 411 311 te
430 254 588 324 prima
607 257 708 308 dies
728 257 855 309 bello
877 258 1027 319 dedit,
1047 257 1151 308 haeo
1173 256 1339 308 eadem
1359 255 1551 318 aufert„

212 327 375 388 Quum
395 330 561 375 tamen
581 326 803 390 ingentes
826 325 1121 375 Rutulorum
1144 324 1320 390 linquis
1341 321 1563 375 acervos!

273 393 328 443 N
328 409 382 442 ec
395 394 499 457 jam
521 393 650 440 fama
669 392 783 440 mali
804 392 948 451 tanti,
971 392 1055 440 sed
1077 391 1251 440 certior
1272 392 1440 441 auctor

209 459 423 508 Advolat
444 458 628 518 AEneae,
650 458 788 507 tenui
810 458 1081 507 discrimine
1103 458 1191 507 leti
1235 506 1240 513 ,

208 525 332 574 Esse
353 541 494 574 suos:
528 527 736 589 tempus,
758 525 907 574 versis
930 541 1200 574 succurrere
1222 523 1434 574 Teucris.

208 590 437 640 Proxima
463 607 664 654 quaeque
686 588 831 637 metit
852 588 1027 653 gladio,
1049 589 1296 653 latumque
1319 605 1403 652 per
1425 595 1601 654 agmen

206 658 398 706 Ardens
419 657 626 706 limitem
647 656 752 719 agit
774 655 927 714 serr03
959 658 1027 714 te,
1049 655 1221 714 Turne,
1244 654 1504 718 superbum

208 722 353 772 Caede
374 740 501 772 nova
521 738 752 787 quaerens.
822 721 995 780 Pallas,
1018 721 1258 780 Evander,
1280 721 1334 767 in
1354 720 1471 784 ipsis

209 788 387 837 Omnia
407 792 523 838 sunt
545 787 721 846 oculis3
754 801 947 845 mensae,
970 802 1088 850 quas
1110 787 1294 834 advena
1314 787 1493 849 primas

207 854 348 904 'runc
369 855 504 914 adiit,
526 854 799 916 dextraeque
822 853 964 900 datae.
1033 851 1260 900 Sulmone
1282 853 1468 900 creatos

208 920 427 980 Quatuor
447 921 527 969 hic
539 920 770 984 juvenes;
801 918 1023 977 totidem,
1047 933 1165 981 quos
1187 918 1360 966 educat
1383 916 1552 982 Ufens,

207 986 440 1037 Viventes
460 987 603 1052 rapit,
625 986 817 1033 inferias
839 995 958 1048 quos
980 984 1199 1034 immolet
1221 983 1419 1044 umbris,

208 1051 506 1117 Captivoque
526 1052 634 1116 rogi
653 1051 911 1115 perfundat
931 1050 1167 1115 sanguine?
1185 1050 1419 1102 flammas.

209 1117 333 1169 Inde
354 1119 508 1184 Mago
527 1118 696 1183 procul
716 1117 952 1166 infensam
974 1114 1287 1166 contenderat
1308 1117 1516 1165 hastam.

210 1184 304 1235 Ille
324 1188 436 1235 astu
457 1185 617 1244 subit3
651 1186 704 1233 at
724 1183 1042 1233 tremebunda
1062 1183 1336 1248 supervolat
1356 1182 1526 1244 hasta3

209 1251 283 1300 Et
303 1267 461 1317 genua
482 1251 775 1315 amplectens
798 1251 971 1299 effatur
992 1250 1110 1298 talia
1131 1250 1362 1314 supplex:

210 1322 239 1345 “
261 1317 357 1367 Per
376 1318 558 1382 patrios
579 1333 757 1377 manes,
779 1333 865 1381 per
886 1333 993 1381 spes
1015 1317 1256 1380 surgentis
1281 1315 1393 1374 Iuli,

209 1384 281 1434 'l'e
301 1401 483 1449 precor,
503 1385 628 1434 hanc
650 1383 860 1447 animam
882 1399 1040 1431 serves
1061 1386 1271 1445 natoque
1292 1380 1526 1445 patrique.

212 1450 307 1500 Est
328 1451 501 1500 domus
522 1451 649 1510 alta3
675 1450 841 1514 jacent
862 1450 1055 1513 penitus
1078 1449 1264 1498 defossa
1284 1447 1472 1496 talenta

212 1516 384 1566 Caelati
406 1517 596 1582 argenti
614 1537 627 1575 ;
660 1518 777 1565 sunt
799 1515 901 1564 auri
924 1514 1135 1579 pondera
1156 1513 1274 1563 facti

213 1582 483 1647 Infectique
502 1582 638 1631 mihi.
705 1582 823 1630 Non
845 1581 924 1629 hie
944 1580 1147 1630 victoria
1168 1581 1407 1628 Teucrum

213 1648 433 1698 Vertitur
451 1670 463 1709 ;
497 1652 584 1697 aut
606 1647 766 1696 anima
786 1663 884 1695 una
904 1646 1039 1695 dabit
1061 1646 1336 1695 discrimina
1356 1645 1546 1697 tanta.”

210 1714 429 1764 Dixerat.
497 1714 676 1763 AEneas
697 1715 867 1762 contra
887 1713 966 1761 cui
986 1709 1104 1760 talia
1124 1713 1312 1761 reddit:

211 1784 241 1808 “
257 1781 467 1846 Argenti
488 1783 634 1845 atque
655 1780 761 1829 auri
780 1795 1015 1828 memoras
1039 1794 1145 1842 quae
1167 1778 1325 1827 multa
1345 1778 1544 1839 talenta,

210 1846 358 1896 Natis
380 1863 519 1912 parce
539 1847 655 1896 tuis.
723 1845 850 1895 Belli
872 1845 1155 1894 commercia
1177 1845 1369 1894 Turnus

210 1912 423 1963 Sustulit
442 1914 539 1963 ista
558 1913 689 1978 prior
703 1912 807 1976 jam
829 1914 939 1960 tum
963 1911 1184 1960 Pallante
1206 1914 1439 1975 peremto.

211 1978 325 2029 Hoc
346 1980 499 2044 patris
519 1979 747 2028 Anchisae
768 1994 946 2037 manes,
968 1977 1061 2026 hoc
1083 1977 1235 2026 sentit
1258 1977 1448 2025 Iulus.”

211 2044 293 2095 Sic
313 2046 444 2095 satus
465 2046 650 2110 galeam
672 2044 794 2092 laeva
813 2046 965 2102 tenet,
988 2045 1133 2108 atque
1155 2043 1328 2091 reflexa

213 2110 410 2161 Cei-vice
431 2111 614 2160 orantis
637 2110 804 2174 capulo
826 2112 969 2159 tenus
993 2108 1202 2173 applicat
1224 2124 1404 2157 ensem.

212 2176 320 2227 Nec
341 2177 509 2242 procul
538 2177 866 2235 Haemonides,
890 2175 1063 2224 Phoebi
1086 2174 1355 2238 'Privioeque
1377 2172 1608 2235 sacerdos,

214 2242 378 2292 Insula
398 2244 476 2293 eui
498 2260 629 2292 sacra
651 2242 907 2291 redimibat
929 2243 1148 2306 tempora
1167 2240 1310 2300 vitta,

212 2308 369 2359 Totus
392 2310 627 2359 collucens
649 2311 782 2357 veste
805 2311 950 2372 atque
971 2307 1239 2372 insignibus
1263 2306 1406 2356 armis
1425 2325 1438 2356 ι

213 2374 368 2436 Quem
391 2391 672 2441 congressus
694 2374 798 2439 agit
821 2390 1003 2438 campo,
1026 2374 1305 2437 lapsumque
1328 2372 1603 2437 superstans

213 2440 459 2501 Immolat,
482 2441 763 2507 ingentique
784 2441 957 2489 umbra
977 2441 1134 2503 tegit3
1169 2456 1301 2488 arma
1325 2440 1543 2488 Serestus

213 2506 367 2557 Lecta
385 2508 531 2557 refert
553 2507 780 2565 humeris,
802 2506 910 2566 tibi,
931 2516 1014 2555 rex
1037 2505 1260 2566 Gradive,
1282 2509 1534 2570 tropaeum.

214 2572 499 2623 Instaurant
520 2574 641 2623 acies
663 2572 869 2620 Vulcani
890 2572 1039 2636 stirpe
1061 2574 1249 2620 creatus

214 2638 432 2689 Coecnlus
453 2642 506 2689 et
526 2640 722 2690 veniens
745 2638 1021 2687 Marsorum
1043 2637 1290 2686 montibus
1314 2635 1518 2686 Umbro.

213 2703 513 2756 Dardanides
535 2708 705 2755 contra
725 2705 859 2752 furit.
928 2704 1142 2751 Anxuris
1166 2720 1277 2752 ense
1299 2703 1545 2752 sinistram

214 2769 287 2820 Et
308 2773 471 2820 totum
494 2771 632 2837 clipei
653 2771 778 2820 ferro
800 2770 1034 2835 dejecerat
1056 2770 1219 2818 orbem
1236 2790 1316 2830 3-—
1483 2815 1485 2818 Α

214 2833 422 2889 Dixerat
440 2835 522 2890 ille
541 2837 725 2906 aliquid
744 2851 994 2904 magnum,
1014 2835 1209 2904 vimque
1230 2835 1376 2887 affore
1396 2833 1543 2887 verb'o

1703 388 1806 439 510

1705 692 1807 770 315

1703 1050 1805 1099 620

1706 1381 1804 1431 625

1707 1713 1807 1762 530

1709 2372 1809 2420 540

1709 2702 1807 2752 645
