1988 3034
671 195 912 235 mIDOS
932 195 1039 233 Lm.
1062 193 1137 232 11.

135 319 406 372 Tantorum
424 316 652 384 impensis
674 332 870 382 operum
890 337 902 378 ;
934 316 1005 365 nil
1026 314 1164 375 dona,
1184 329 1339 379 neque
1360 326 1544 374 aurum,

134 389 244 439 Nec
263 402 464 453 magnas
484 385 689 434 valuisse
709 400 870 448 preces
889 403 902 442 3
936 383 1028 431 alia
1050 397 1182 430 arma
1203 380 1392 429 Latinis

136 455 416 515 Quaerenda,
437 454 524 501 aut
545 467 711 516 pacem
732 450 939 514 Trojano
962 449 1022 497 ab
1044 464 1156 513 rege
1177 446 1447 512 petendam.

137 520 319 570 Deficit
338 519 528 585 ingenti
548 519 687 568 luctu
706 533 790 566 rex
810 517 911 580 ipse
934 515 1155 563 Latinus.

138 586 360 636 Fatalem
381 585 568 634 AEnean
590 583 844 632 manifesto
866 581 1062 630 numine
1083 580 1210 640 ferri,

138 653 385 702 Admonet
405 652 478 700 ira
498 651 655 710 deum,
676 649 945 713 tumulique
967 650 1079 696 ante
1102 663 1184 696 ora
1205 648 1432 695 recentes.

139 719 275 784 Ergo
297 718 550 767 concilium
570 732 817 780 magnum,
838 715 1110 779 primosque
1131 728 1327 761 suorum

141 783 355 849 Imperio
376 784 568 842 accitos,
591 782 692 830 alta
711 782 841 830 intra
861 780 1030 828 limina.
1050 779 1199 843 cogit.

141 850 240 899 Olli
261 866 534 907 convenere,
555 848 807 911 fluuntque
830 846 892 895 ad
912 845 1046 910 regia.
1065 844 1221 909 plenis

140 915 294 966 Tecta
312 916 419 964 viis.
486 914 630 963 Sedet
651 914 701 961 in
726 912 894 961 mediis
916 914 968 959 et
988 910 1226 958 maximus
1247 923 1367 967 aevo,

142 981 215 1031 Et
235 982 419 1047 primus
442 980 655 1045 sceptriS,
676 978 809 1027 hand
827 977 942 1026 laeta
962 977 1128 1035 fronte..
1159 974 1380 1023 Latinus.

142 1049 307 1114 Atque
326 1048 407 1097 hic
427 1047 612 1112 legatos
635 1044 801 1093 AEtola
821 1060 880 1092 ex
900 1043 1019 1091 urbe
1038 1043 1275 1101 remissos,

142 1113 264 1174 Quae
283 1114 506 1173 referant,
528 1112 618 1161 fari
631 1112 789 1177 jubet,
812 1112 863 1158 et
884 1124 1109 1174 responsa
1129 1106 1338 1171 reposcit

145 1179 326 1229 Ordine
346 1182 520 1229 cuncta
541 1194 642 1227 suo.
710 1177 838 1226 'snm
859 1176 988 1224 facta
1008 1174 1199 1223 silentia
1218 1171 1415 1238 linguis.

145 1244 218 1295 Et
238 1245 456 1294 Venulus
475 1244 607 1294 dieto
627 1259 797 1309 parens
818 1243 891 1291 ita
910 1241 1051 1290 farier
1071 1240 1214 1289 infit:

212 1314 242 1338 “
258 1310 495 1370 Vidimus,
517 1326 548 1359 o
569 1310 711 1368 cives,
731 1309 1017 1357 Diomedem
1038 1307 1314 1371 Argivaque
1337 1304 1508 1364 castra,

146 1378 311 1442 Atque
331 1378 426 1426 iter
445 1376 626 1425 emensi
647 1374 783 1424 c‘asus
805 1373 1130 1439 superavimus
1152 1388 1345 1430 omnes;

146 1442 547 1508 Contigimusque
570 1458 779 1501 manum,
803 1457 898 1505 qua
918 1440 1128 1489 concidit
1150 1439 1244 1486 Ilia
1264 1438 1423 1487 tellus.

148 1508 241 1558 Ille
262 1510 431 1558 urbem
454 1508 760 1573 Argyripam,
781 1507 949 1572 patriae
970 1505 1254 1571 cognomine
1276 1505 1453 1570 gentis,

149 1574 320 1624 Victor
341 1575 555 1639 Gargani
577 1574 811 1623 condebat
834 1572 1032 1637 Iapygis
1055 1571 1195 1620 arvis.

150 1640 415 1706 Postquam
437 1640 731 1705 introgressi,
753 1642 806 1688 et
826 1655 985 1687 coram
1008 1638 1123 1686 data
1145 1636 1281 1702 copia.
1300 1636 1466 1686 fandi:

150 1706 359 1756 Munera
378 1707 687 1771 praeserimus‚
708 1721 882 1754 nomen
904 1704 1203 1769 patriamque
1225 1704 1447 1752 docemus
1465 1723 1476 1762 ;

150 1771 248 1833 Qui
268 1773 448 1822 bellum
469 1772 738 1830 intulerint,
761 1787 864 1835 quae
887 1787 1029 1820 eausa
1050 1770 1304 1818 attraxerit
1326 1770 1499 1836 Arpos,

150 1839 348 1888 Auditis
368 1838 451 1888 ille
473 1838 574 1887 haec
594 1837 780 1903 placido
803 1837 871 1886 sic
892 1837 1101 1886 reddidit
1124 1853 1232 1887 ore:

152 1908 167 1932 ‘
180 1904 226 1953 O
247 1905 510 1954 sortunatae
532 1907 717 1970 gentes,
739 1904 964 1952 Saturnia
984 1920 1146 1967 regna,

152 1970 359 2034 Antiqui
381 1971 598 2030 Ausonii,
621 1985 729 2035 quae
750 1986 835 2019 vos
858 1970 1052 2018 fortuna
1073 1970 1260 2033 quietos

153 2035 409 2096 Sollicitat,
431 2036 692 2100 suadetque
713 2036 883 2100 ignota
902 2035 1126 2083 lacessere
1148 2034 1272 2082 bella
1287 2032 1313 2083 P

156 2101 455 2167 Quicumque
478 2102 650 2151 Iliacos
672 2102 795 2150 ferro
815 2101 1097 2149 violavimus
1120 2116 1344 2164 agros,—

155 2167 313 2217 Mitto
335 2184 404 2228 ea,
427 2184 530 2232 quoe
552 2167 701 2216 muris
723 2166 941 2215 bellando
964 2166 1197 2215 exhausta
1218 2166 1308 2214 sub
1331 2163 1457 2224 altis,

156 2233 289 2294 Quos
311 2233 490 2283 Simois
511 2236 699 2299 premat
718 2232 801 2282 illc
822 2232 1226 2293 viros,—insanda
1244 2247 1330 2297 per
1352 2232 1516 2280 orbem

156 2299 225 2348 Su
257 2299 399 2365 plicia
420 2302 472 2349 et
493 2299 722 2349 scelerum
744 2315 908 2364 poenas
930 2298 1239 2364 expendimus
1262 2314 1442 2357 omnes,

155 2316 257 2415 vei)
272 2365 465 2415 Priamo
486 2365 752 2415 miseranda
772 2382 970 2425 manus3
1004 2365 1096 2414 seit
1118 2365 1260 2414 triste
1283 2364 1518 2415 Minervae

157 2429 315 2491 Sidus,
336 2435 388 2481 et
411 2431 640 2481 Eubolcae
662 2434 839 2492 cautes,
862 2431 1085 2497 ultorque
1107 2430 1394 2496 Caphereus.

158 2496 344 2547 Militia
362 2514 420 2547 ex
441 2497 525 2547 illa
546 2498 786 2547 diversum
809 2498 869 2546 ad
892 2498 1008 2546 litus
1030 2497 1202 2557 adacti,

158 2562 355 2613 Atrides
377 2562 542 2614 Protei
564 2563 813 2613 Menelaus
835 2563 1044 2627 adusque
1067 2563 1310 2612 columnas

158 2627 394 2689 Exsulat3
427 2629 644 2679 AEtnaeos
667 2630 791 2678 vidit
814 2628 1046 2694 Cyclopas
1070 2629 1251 2677 Ulixes.

159 2692 334 2760 Regna
354 2694 660 2761 Neoptolemi
682 2696 897 2754 reseram,
921 2710 1173 2758 versosque
1195 2694 1391 2758 penates

160 2757 409 2810 Idomenei
424 2758 450 2810 ἲ
483 2760 726 2827 Libycone
747 2761 1022 2810 habitantes
1045 2760 1185 2809 litore
1210 2759 1387 2810 Locros
1404 2757 1430 2811 Ρ

161 2822 190 2875 1
296 2825 576 2903 Mycenoeus
596 2842 880 2893 magnorum
904 2827 1075 2875 ductor
1097 2825 1340 2875 Achivum

258 2891 393 2959 jugis
412 2891 621 2945 infando
641 2894 796 2960 prima
816 2897 947 2943 intra
967 2892 1134 2942 limina
1154 2892 1323 2942 <lextra

1628 441 1730 492 230

1630 774 1730 824 235

1637 1106 1735 1154 240

1641 1438 1739 1485 245

1645 1731 1745 1817 256

1649 2098 1747 2147 255

1651 2428 1750 2478 260

1650 2758 1748 2808 265
