1988 3034
738 167 784 203 Ρ.
806 165 1044 204 VIRGILII
1065 166 1304 206 MABoms

227 286 357 347 Quin
379 301 570 335 omnem
592 284 877 349 Hesperiam
898 285 1090 348 penitus
1113 302 1198 334 sua
1220 286 1308 335 sub
1323 284 1445 350 juga
1465 285 1683 348 mittant,

227 353 301 402 Et
323 370 467 412 mare,
491 353 619 417 quod
641 368 797 415 supra,
819 353 1032 412 teneant,
1055 352 1274 415 quodque
1295 353 1432 400 alluit
1454 353 1590 402 infra.

226 419 419 483 Accipe,
443 419 595 483 daque
617 418 774 466 fidem.
845 417 970 466 Sunt
991 417 1128 466 nobis
1150 419 1294 466 fortia
1314 419 1438 466 bello
1718 421 1817 469 150

227 484 446 545 Pectora,
470 487 584 532 sunt
608 483 769 544 animi,
794 485 844 532 et
865 484 1005 532 rebus
1029 486 1244 549 spectata
1258 484 1540 547 juventus.’'

293 551 496 599 Dixerat
519 551 710 598 AEneaS.
780 549 871 598 Ille
894 567 961 610 os,
986 550 1238 614 oculosque
1258 551 1506 614 loquentes

227 616 540 677 Jamdudum,
564 619 613 664 et
635 619 798 664 totum
819 616 1056 664 lustrabat
1076 615 1256 674 lumine
1279 633 1462 679 corpus.

227 683 355 730 Tum
377 683 445 731 sic
466 699 616 746 pauca
636 683 809 731 refert:
846 685 874 707 “
893 682 966 730 Ut
988 684 1054 742 te,
1076 682 1332 730 fortissime
1355 682 1608 744 Teucrum,

226 749 423 812 Accipio
447 765 743 813 agnoscoque
765 748 945 797 libens!
979 750 1039 795 ut
1060 748 1206 796 verba
1225 748 1451 812 parentis,
1717 751 1814 798 155

225 815 298 863 Et
319 831 486 864 vocem
509 815 730 863 Anchisae
752 814 918 879 magni
939 814 1223 879 vultumque
1245 814 1492 863 recordor!

225 880 358 930 Nam
380 880 578 929 memini
600 881 827 930 Hesionae
849 880 1084 928 visentem
1105 897 1254 944 regna
1277 881 1448 928 sororis

226 946 666 996 Laomedontiaden
689 946 951 1005 Priamum,
976 946 1216 996 Salamina
1235 949 1496 1010 petentem,

226 1012 466 1061 Protenus
489 1013 704 1061 Arcadiae
726 1012 942 1076 gelidos
928 1013 1130 1062 mvisere
1151 1013 1285 1061 fines.

226 1079 353 1127 Tum
374 1079 496 1127 mihi
516 1079 672 1143 prima
692 1095 838 1143 genas
860 1079 1069 1128 vestibat
1090 1079 1205 1127 flore
1220 1078 1450 1155 juventa.
1720 1080 1817 1128 160

225 1144 531 1209 Mirabar-que
554 1145 694 1194 duces
717 1145 939 1205 Teucros,
961 1145 1167 1193 mirabar
1189 1145 1273 1193 et
1259 1162 1418 1209 1psum

226 1210 693 1260 Laomedontiaden·
683 1250 695 1271 ,
729 1212 812 1260 sed
834 1211 1019 1260 cunctis
1042 1211 1184 1259 altior
1203 1211 1308 1260 ibat

225 1277 476 1326 Anchises.
544 1277 676 1325 Mihi
698 1294 833 1326 mens
849 1278 1063 1342 juvenali
1086 1277 1283 1326 ardebat
1306 1293 1465 1326 amore

226 1343 520 1408 Compellare
542 1343 715 1403 virum,
738 1346 788 1392 et
812 1344 994 1392 dextrae
1019 1344 1306 1408 conjungere
1329 1345 1545 1394 dextram
1565 1363 1576 1392 x

225 1410 433 1469 Accessi,
457 1412 506 1458 et
530 1410 730 1472 cupidus
754 1409 939 1458 Phenei
965 1411 1054 1458 sub
1077 1411 1255 1458 moenia
1277 1410 1407 1458 duxi.
1720 1411 1814 1458 165

226 1475 320 1524 Ille
341 1476 463 1524 mihi
483 1475 722 1538 insignem
743 1475 1018 1539 pharetram
1039 1474 1305 1539 Lyciasque
1331 1475 1535 1539 sagittas

225 1541 487 1590 Discedens
512 1541 904 1605 chlamydemque
927 1558 1041 1590 auro
1065 1542 1198 1590 dedit
1219 1542 1548 1599 intertextam,

226 1607 478 1671 Frenaque
499 1607 627 1667 bina,
650 1624 786 1655 meus
810 1624 914 1671 quae
935 1624 1064 1655 nunc
1086 1608 1248 1666 habet,
1271 1624 1428 1667 aurea,
1451 1607 1624 1656 Pallas.

224 1673 361 1738 Ergo
384 1676 448 1733 et,
473 1689 616 1736 quam
637 1673 817 1736 petitis,
835 1674 1006 1737 juncta
1027 1676 1100 1722 est
1122 1674 1244 1721 mihi
1265 1674 1440 1722 foedere
1463 1674 1629 1723 dextra
1648 1693 1658 1723 z

225 1738 298 1787 Et
319 1740 402 1787 lux
426 1756 573 1803 quum
595 1739 807 1803 primum
827 1739 967 1787 terris
991 1756 1040 1787 se
1063 1740 1269 1787 crastina
1290 1739 1473 1800 reddet,
1722 1739 1815 1787 170

226 1806 420 1854 Auxilio
441 1805 577 1853 laetos
601 1805 860 1865 dimittam,
885 1805 1146 1869 opibusque
1162 1805 1357 1869 juvabo.

227 1870 421 1920 Interea
443 1888 574 1919 sacra
594 1871 710 1930 haec,
735 1872 922 1934 quando
944 1872 1040 1919 huc
1062 1871 1261 1918 venistis
1285 1871 1440 1931 amici,

226 1939 418 1997 Annua,
442 1954 549 2001 quae
574 1937 760 1984 differre
782 1938 929 1996 nefas,
954 1937 1187 1985 celebrate
1209 1938 1425 1986 faventes

227 2003 509 2062 Nobiscum,
533 2003 617 2051 et
597 2019 701 2066 Jam
723 2019 851 2050 nunc
875 2003 1110 2051 sociorum
1132 2003 1386 2051 assuescite
1407 2002 1632 2051 mensis.'’

293 2069 415 2119 Haec
436 2069 522 2118 ubi
545 2069 687 2128 dicta,
711 2069 853 2145 dapes
870 2069 1012 2132 jubet
1035 2072 1085 2117 et
1108 2069 1298 2118 sublata
1319 2070 1486 2133 leponi
1721 2070 1814 2116 175

228 2134 420 2195 Pocula,
443 2135 780 2199 gramineoque
801 2136 928 2183 viros
950 2135 1113 2183 locat
1100 2153 1173 2198 1ps
1176 2152 1201 2183 e
1226 2135 1395 2196 sedili3

228 2201 627 2264 Praecipuumquc
650 2203 758 2248 toro
781 2203 831 2248 et
853 2201 1010 2249 villosi
1036 2201 1158 2264 pelle
1180 2201 1330 2250 leonis

227 2267 418 2330 Accipit
441 2267 642 2325 AEnean,
666 2266 876 2329 solioque
898 2266 1076 2314 invitat
1103 2283 1285 2315 acerno,

227 2333 356 2380 Tum
377 2332 492 2380 lecti
507 2332 706 2396 juvenes
731 2332 953 2379 certatim
976 2348 1162 2395 araeque
1185 2331 1400 2380 sacerdos

227 2398 421 2447 Viscera
440 2400 573 2446 tosta
594 2398 757 2445 ferunt
778 2399 1043 2458 taurorum,
1066 2401 1361 2461 onerantque
1384 2396 1603 2446 canistris
1718 2400 1814 2446 190

226 2464 370 2512 Dona
390 2465 614 2512 laboratae
639 2463 835 2523 Cereris,
860 2464 1200 2526 Bacchumque
1221 2464 1513 2513 ministrant.

226 2529 449 2578 Vescitur
471 2530 662 2589 AEueas,
686 2530 831 2578 simul
853 2532 903 2578 et
927 2530 1133 2594 Trojana
1146 2530 1392 2594 juventus,

227 2595 457 2659 Perpetui
477 2598 616 2659 tergo
637 2596 788 2657 boviS,
812 2598 862 2644 et
883 2596 1160 2644 lustralibus
1183 2596 1320 2644 extis.

292 2661 560 2725 Postquam
583 2664 772 2710 exemta
792 2662 956 2723 fames,
981 2665 1030 2710 et
1053 2679 1186 2711 amor
1208 2677 1420 2726 compres
1399 2677 1503 2710 ssus
1529 2661 1710 2721 edendi,

226 2726 335 2776 Rex
354 2727 610 2775 Evandrus
634 2728 733 2776 ait:
770 2729 933 2776 “Non
954 2729 1058 2777 haec
1082 2728 1310 2777 solemnia
1331 2728 1482 2790 nobis,
1717 2729 1811 2777 185

223 2791 333 2841 Has
355 2810 414 2842 ex
435 2809 566 2841 more
589 2794 746 2858 dapes,
768 2793 893 2843 hanc
913 2795 1044 2843 tanti
1065 2794 1274 2842 numinis
1297 2810 1429 2842 aram

225 2857 362 2909 Vana
384 2859 661 2926 superstitio
683 2860 1030 2927 veterumque
1015 2877 1183 2928 ignara
1204 2860 1401 2912 deorum
