<?xml version="1.0" encoding="UTF-8"?>
<!DOCTYPE html PUBLIC "-//W3C//DTD XHTML 1.0 Transitional//EN"
    "http://www.w3.org/TR/xhtml1/DTD/xhtml1-transitional.dtd">
<html xmlns="http://www.w3.org/1999/xhtml" xml:lang="en" lang="en">
 <head>
  <title>
</title>
<meta http-equiv="Content-Type" content="text/html;charset=utf-8" />
  <meta name='ocr-system' content='tesseract 3.04.00' />
  <meta name='ocr-capabilities' content='ocr_page ocr_carea ocr_par ocr_line ocrx_word'/>
</head>
<body>
  <div class='ocr_page' id='page_1' title='image "./p3workswithengli00virguoft_0039.png"; bbox 0 0 1988 3034; ppageno 0'>
   <div class='ocr_carea' id='block_1_1' title="bbox 0 0 78 360">
    <p class='ocr_par' dir='ltr' id='par_1_1' title="bbox 0 0 78 360">
     <span class='ocr_line' id='line_1_1' title="bbox 0 0 78 360; baseline 0 0"><span class='ocrx_word' id='word_1_1' title='bbox 0 0 78 360; x_wconf 64' lang='lat' dir='ltr'><strong>f</strong></span> 
     </span>
    </p>
   </div>
   <div class='ocr_carea' id='block_1_2' title="bbox 644 202 1158 241">
    <p class='ocr_par' dir='ltr' id='par_1_2' title="bbox 644 202 1158 241">
     <span class='ocr_line' id='line_1_2' title="bbox 644 202 1158 241; baseline 0 0"><span class='ocrx_word' id='word_1_2' title='bbox 644 202 883 241; x_wconf 65' lang='lat' dir='ltr'><strong>mos</strong></span> <span class='ocrx_word' id='word_1_3' title='bbox 904 203 1011 241; x_wconf 77' lang='lat' dir='ltr'><strong>m.</strong></span> <span class='ocrx_word' id='word_1_4' title='bbox 1032 203 1158 241; x_wconf 80' lang='lat' dir='ltr'><strong>vnt.</strong></span> 
     </span>
    </p>
   </div>
   <div class='ocr_carea' id='block_1_3' title="bbox 103 320 1696 652">
    <p class='ocr_par' dir='ltr' id='par_1_3' title="bbox 106 320 1300 382">
     <span class='ocr_line' id='line_1_3' title="bbox 106 320 1300 382; baseline -0.003 -7"><span class='ocrx_word' id='word_1_5' title='bbox 106 325 267 375; x_wconf 76' lang='lat' dir='ltr'><strong>Aurea</strong></span> <span class='ocrx_word' id='word_1_6' title='bbox 285 338 429 382; x_wconf 83' lang='lat' dir='ltr'><strong>nune,</strong></span> <span class='ocrx_word' id='word_1_7' title='bbox 451 321 567 371; x_wconf 88' lang='lat' dir='ltr'><strong>olim</strong></span> <span class='ocrx_word' id='word_1_8' title='bbox 588 322 891 372; x_wconf 80' lang='lat' dir='ltr'><strong>silvestribus</strong></span> <span class='ocrx_word' id='word_1_9' title='bbox 912 323 1107 372; x_wconf 85' lang='lat' dir='ltr'><strong>horrida</strong></span> <span class='ocrx_word' id='word_1_10' title='bbox 1127 320 1300 372; x_wconf 83' lang='lat' dir='ltr'><strong>dumis.</strong></span> 
     </span>
    </p>

    <p class='ocr_par' dir='ltr' id='par_1_4' title="bbox 104 388 1225 454">
     <span class='ocr_line' id='line_1_4' title="bbox 104 388 1225 454; baseline -0.002 -14"><span class='ocrx_word' id='word_1_11' title='bbox 104 389 223 440; x_wconf 78' lang='lat' dir='ltr'><strong>Jam</strong></span> <span class='ocrx_word' id='word_1_12' title='bbox 242 391 353 437; x_wconf 91' lang='lat' dir='ltr'><strong>tum</strong></span> <span class='ocrx_word' id='word_1_13' title='bbox 373 388 540 452; x_wconf 84' lang='lat' dir='ltr'><strong>religio</strong></span> <span class='ocrx_word' id='word_1_14' title='bbox 560 388 759 452; x_wconf 80' lang='lat' dir='ltr'><strong>pavidos</strong></span> <span class='ocrx_word' id='word_1_15' title='bbox 779 389 992 438; x_wconf 86' lang='lat' dir='ltr'><strong>terrebat</strong></span> <span class='ocrx_word' id='word_1_16' title='bbox 1013 391 1225 454; x_wconf 78' lang='lat' dir='ltr'><strong>agrestes</strong></span> 
     </span>
    </p>

    <p class='ocr_par' dir='ltr' id='par_1_5' title="bbox 103 454 1696 584">
     <span class='ocr_line' id='line_1_5' title="bbox 103 454 1696 519; baseline -0.003 -13"><span class='ocrx_word' id='word_1_17' title='bbox 103 455 229 506; x_wconf 77' lang='lat' dir='ltr'><strong>Dira</strong></span> <span class='ocrx_word' id='word_1_18' title='bbox 245 454 366 514; x_wconf 82' lang='lat' dir='ltr'><strong>loei3</strong></span> <span class='ocrx_word' id='word_1_19' title='bbox 391 454 496 519; x_wconf 88' lang='lat' dir='ltr'><strong>jam</strong></span> <span class='ocrx_word' id='word_1_20' title='bbox 515 456 624 502; x_wconf 90' lang='lat' dir='ltr'><strong>tum</strong></span> <span class='ocrx_word' id='word_1_21' title='bbox 638 454 816 503; x_wconf 71' lang='lat' dir='ltr'><strong>silvam</strong></span> <span class='ocrx_word' id='word_1_22' title='bbox 832 471 1091 519; x_wconf 83' lang='lat' dir='ltr'><strong>saxumque</strong></span> <span class='ocrx_word' id='word_1_23' title='bbox 1112 454 1400 504; x_wconf 84' lang='lat' dir='ltr'><strong>tremebant.</strong></span> <span class='ocrx_word' id='word_1_24' title='bbox 1598 454 1696 502; x_wconf 79' lang='lat'><strong>350</strong></span> 
     </span>
     <span class='ocr_line' id='line_1_6' title="bbox 105 519 1487 584; baseline -0.001 -13"><span class='ocrx_word' id='word_1_25' title='bbox 105 521 220 571; x_wconf 85' lang='lat' dir='ltr'><strong>Hoe</strong></span> <span class='ocrx_word' id='word_1_26' title='bbox 240 536 424 579; x_wconf 89' lang='lat' dir='ltr'><strong>nemus,</strong></span> <span class='ocrx_word' id='word_1_27' title='bbox 445 519 590 580; x_wconf 86' lang='lat' dir='ltr'><strong>hunc,</strong></span> <span class='ocrx_word' id='word_1_28' title='bbox 610 520 785 584; x_wconf 89' lang='lat' dir='ltr'><strong>inquit,</strong></span> <span class='ocrx_word' id='word_1_29' title='bbox 806 521 1030 569; x_wconf 88' lang='lat' dir='ltr'><strong>frondoso</strong></span> <span class='ocrx_word' id='word_1_30' title='bbox 1052 522 1230 570; x_wconf 79' lang='lat' dir='ltr'><strong>vertice</strong></span> <span class='ocrx_word' id='word_1_31' title='bbox 1252 521 1487 570; x_wconf 71' lang='lat' dir='ltr'><strong>collem—-</strong></span> 
     </span>
    </p>

    <p class='ocr_par' dir='ltr' id='par_1_6' title="bbox 105 586 1579 652">
     <span class='ocr_line' id='line_1_7' title="bbox 105 586 1579 652; baseline 0 -18"><span class='ocrx_word' id='word_1_32' title='bbox 105 587 226 647; x_wconf 81' lang='lat' dir='ltr'><strong>Quis</strong></span> <span class='ocrx_word' id='word_1_33' title='bbox 247 586 378 646; x_wconf 87' lang='lat' dir='ltr'><strong>deus,</strong></span> <span class='ocrx_word' id='word_1_34' title='bbox 399 586 637 635; x_wconf 77' lang='lat' dir='ltr'><strong>incertum</strong></span> <span class='ocrx_word' id='word_1_35' title='bbox 659 586 991 635; x_wconf 85' lang='lat' dir='ltr'><strong>est—habitat</strong></span> <span class='ocrx_word' id='word_1_36' title='bbox 1014 587 1157 647; x_wconf 88' lang='lat' dir='ltr'><strong>deus;</strong></span> <span class='ocrx_word' id='word_1_37' title='bbox 1190 588 1401 636; x_wconf 81' lang='lat' dir='ltr'><strong>Arcades</strong></span> <span class='ocrx_word' id='word_1_38' title='bbox 1421 587 1579 652; x_wconf 85' lang='lat' dir='ltr'><strong>ipsum</strong></span> 
     </span>
    </p>
   </div>
   <div class='ocr_carea' id='block_1_4' title="bbox 0 652 1420 718">
    <p class='ocr_par' dir='ltr' id='par_1_7' title="bbox 0 652 1420 718">
     <span class='ocr_line' id='line_1_8' title="bbox 0 652 1420 718; baseline 0.001 -17"><span class='ocrx_word' id='word_1_39' title='bbox 0 675 4 706; x_wconf 68' lang='lat'><em>5</em></span> <span class='ocrx_word' id='word_1_40' title='bbox 105 652 323 701; x_wconf 84' lang='lat' dir='ltr'><strong>Credunt</strong></span> <span class='ocrx_word' id='word_1_41' title='bbox 344 669 395 701; x_wconf 89' lang='lat' dir='ltr'><strong>se</strong></span> <span class='ocrx_word' id='word_1_42' title='bbox 415 652 589 701; x_wconf 85' lang='lat' dir='ltr'><strong>vidisse</strong></span> <span class='ocrx_word' id='word_1_43' title='bbox 610 652 648 700; x_wconf 91' lang='lat' dir='ltr'><strong>J</strong></span> <span class='ocrx_word' id='word_1_44' title='bbox 649 669 802 712; x_wconf 86' lang='lat' dir='ltr'><strong>ovem,</strong></span> <span class='ocrx_word' id='word_1_45' title='bbox 825 670 975 717; x_wconf 90' lang='lat' dir='ltr'><strong>quum</strong></span> <span class='ocrx_word' id='word_1_46' title='bbox 996 669 1124 718; x_wconf 83' lang='lat' dir='ltr'><strong>saepe</strong></span> <span class='ocrx_word' id='word_1_47' title='bbox 1146 654 1420 717; x_wconf 73' lang='lat' dir='ltr'><strong>nigrantem</strong></span> 
     </span>
    </p>
   </div>
   <div class='ocr_carea' id='block_1_5' title="bbox 102 718 1697 848">
    <p class='ocr_par' dir='ltr' id='par_1_8' title="bbox 102 718 1697 848">
     <span class='ocr_line' id='line_1_9' title="bbox 104 718 1256 783; baseline 0.001 -17"><span class='ocrx_word' id='word_1_48' title='bbox 104 718 285 783; x_wconf 80' lang='lat' dir='ltr'><strong>AEgida</strong></span> <span class='ocrx_word' id='word_1_49' title='bbox 304 721 581 767; x_wconf 74' lang='lat' dir='ltr'><strong>concuteret</strong></span> <span class='ocrx_word' id='word_1_50' title='bbox 602 718 772 767; x_wconf 84' lang='lat' dir='ltr'><strong>dextra</strong></span> <span class='ocrx_word' id='word_1_51' title='bbox 791 719 1072 783; x_wconf 79' lang='lat' dir='ltr'>nimbosque</span> <span class='ocrx_word' id='word_1_52' title='bbox 1095 719 1256 768; x_wconf 83' lang='lat' dir='ltr'><strong>cieret.</strong></span> 
     </span>
     <span class='ocr_line' id='line_1_10' title="bbox 102 783 1697 848; baseline -0.001 -16"><span class='ocrx_word' id='word_1_53' title='bbox 102 783 234 833; x_wconf 71' lang='lat' dir='ltr'><strong>Haee</strong></span> <span class='ocrx_word' id='word_1_54' title='bbox 256 784 352 833; x_wconf 85' lang='lat' dir='ltr'><strong>duo</strong></span> <span class='ocrx_word' id='word_1_55' title='bbox 372 787 602 848; x_wconf 81' lang='lat' dir='ltr'><strong>praeteree</strong></span> <span class='ocrx_word' id='word_1_56' title='bbox 621 784 832 848; x_wconf 80' lang='lat' dir='ltr'><strong>disjectis</strong></span> <span class='ocrx_word' id='word_1_57' title='bbox 854 785 1029 848; x_wconf 85' lang='lat' dir='ltr'><strong>oppida</strong></span> <span class='ocrx_word' id='word_1_58' title='bbox 1048 786 1214 843; x_wconf 87' lang='lat' dir='ltr'><strong>muris,</strong></span> <span class='ocrx_word' id='word_1_59' title='bbox 1599 786 1697 832; x_wconf 81' lang='lat'><strong>355</strong></span> 
     </span>
    </p>
   </div>
   <div class='ocr_carea' id='block_1_6' title="bbox 0 848 1419 915">
    <p class='ocr_par' dir='ltr' id='par_1_9' title="bbox 0 848 1419 915">
     <span class='ocr_line' id='line_1_11' title="bbox 0 848 1419 915; baseline -0.001 -16"><span class='ocrx_word' id='word_1_60' title='bbox 0 858 5 862; x_wconf 86' lang='lat'>&#39;</span> <span class='ocrx_word' id='word_1_61' title='bbox 102 848 351 915; x_wconf 79' lang='lat' dir='ltr'><strong>Reliquias</strong></span> <span class='ocrx_word' id='word_1_62' title='bbox 370 852 681 914; x_wconf 72' lang='lat' dir='ltr'>veterumque</span> <span class='ocrx_word' id='word_1_63' title='bbox 701 850 834 898; x_wconf 86' lang='lat' dir='ltr'><strong>vides</strong></span> <span class='ocrx_word' id='word_1_64' title='bbox 856 853 1170 899; x_wconf 84' lang='lat' dir='ltr'><strong>monumenta</strong></span> <span class='ocrx_word' id='word_1_65' title='bbox 1190 851 1419 899; x_wconf 82' lang='lat' dir='ltr'><strong>virorum.</strong></span> 
     </span>
    </p>
   </div>
   <div class='ocr_carea' id='block_1_7' title="bbox 102 915 1448 979">
    <p class='ocr_par' dir='ltr' id='par_1_10' title="bbox 102 915 1448 979">
     <span class='ocr_line' id='line_1_12' title="bbox 102 915 1448 979; baseline 0.001 -15"><span class='ocrx_word' id='word_1_66' title='bbox 102 915 250 964; x_wconf 86' lang='lat' dir='ltr'><strong>Hane</strong></span> <span class='ocrx_word' id='word_1_67' title='bbox 270 915 308 963; x_wconf 90' lang='lat' dir='ltr'><strong>J</strong></span> <span class='ocrx_word' id='word_1_68' title='bbox 307 932 427 964; x_wconf 90' lang='lat' dir='ltr'><strong>anus</strong></span> <span class='ocrx_word' id='word_1_69' title='bbox 447 918 599 979; x_wconf 85' lang='lat' dir='ltr'><strong>pater,</strong></span> <span class='ocrx_word' id='word_1_70' title='bbox 620 916 745 964; x_wconf 84' lang='lat' dir='ltr'><strong>hane</strong></span> <span class='ocrx_word' id='word_1_71' title='bbox 767 915 1004 964; x_wconf 83' lang='lat' dir='ltr'><strong>Saturnus</strong></span> <span class='ocrx_word' id='word_1_72' title='bbox 1025 915 1240 964; x_wconf 78' lang='lat' dir='ltr'><strong>condidit</strong></span> <span class='ocrx_word' id='word_1_73' title='bbox 1262 932 1448 965; x_wconf 83' lang='lat' dir='ltr'><strong>arcem:</strong></span> 
     </span>
    </p>
   </div>
   <div class='ocr_carea' id='block_1_8' title="bbox 0 980 1303 1042">
    <p class='ocr_par' dir='ltr' id='par_1_11' title="bbox 0 980 1303 1042">
     <span class='ocr_line' id='line_1_13' title="bbox 0 980 1303 1042; baseline 0.001 -13"><span class='ocrx_word' id='word_1_74' title='bbox 0 1028 16 1042; x_wconf 78' lang='grc'><strong>,</strong></span> <span class='ocrx_word' id='word_1_75' title='bbox 101 980 383 1030; x_wconf 84' lang='lat' dir='ltr'><strong>Janieulum</strong></span> <span class='ocrx_word' id='word_1_76' title='bbox 404 981 532 1042; x_wconf 85' lang='lat' dir='ltr'><strong>huie,</strong></span> <span class='ocrx_word' id='word_1_77' title='bbox 554 981 627 1030; x_wconf 89' lang='lat' dir='ltr'><strong>illi</strong></span> <span class='ocrx_word' id='word_1_78' title='bbox 648 982 805 1030; x_wconf 87' lang='lat' dir='ltr'><strong>fuerat</strong></span> <span class='ocrx_word' id='word_1_79' title='bbox 828 981 1055 1030; x_wconf 85' lang='lat' dir='ltr'><strong>Saturnia</strong></span> <span class='ocrx_word' id='word_1_80' title='bbox 1075 983 1303 1030; x_wconf 73' lang='lat' dir='ltr'><strong>nomen‚’&#39;</strong></span> 
     </span>
    </p>
   </div>
   <div class='ocr_carea' id='block_1_9' title="bbox 101 1045 1698 1178">
    <p class='ocr_par' dir='ltr' id='par_1_12' title="bbox 101 1045 1698 1178">
     <span class='ocr_line' id='line_1_14' title="bbox 102 1045 1168 1097; baseline 0 -2"><span class='ocrx_word' id='word_1_81' title='bbox 102 1045 302 1096; x_wconf 81' lang='lat' dir='ltr'><strong>Talibus</strong></span> <span class='ocrx_word' id='word_1_82' title='bbox 322 1047 450 1096; x_wconf 83' lang='lat' dir='ltr'><strong>inter</strong></span> <span class='ocrx_word' id='word_1_83' title='bbox 471 1063 522 1096; x_wconf 87' lang='lat' dir='ltr'><strong>se</strong></span> <span class='ocrx_word' id='word_1_84' title='bbox 543 1047 687 1096; x_wconf 86' lang='lat' dir='ltr'><strong>dietis</strong></span> <span class='ocrx_word' id='word_1_85' title='bbox 710 1048 772 1097; x_wconf 83' lang='lat' dir='ltr'><strong>ad</strong></span> <span class='ocrx_word' id='word_1_86' title='bbox 792 1050 925 1096; x_wconf 85' lang='lat' dir='ltr'><strong>tecta</strong></span> <span class='ocrx_word' id='word_1_87' title='bbox 941 1048 1168 1096; x_wconf 87' lang='lat' dir='ltr'><strong>subibant</strong></span> 
     </span>
     <span class='ocr_line' id='line_1_15' title="bbox 101 1111 1698 1178; baseline -0.001 -16"><span class='ocrx_word' id='word_1_88' title='bbox 101 1111 334 1178; x_wconf 77' lang='lat' dir='ltr'><strong>Pauperis</strong></span> <span class='ocrx_word' id='word_1_89' title='bbox 354 1113 584 1174; x_wconf 80' lang='lat' dir='ltr'><strong>Evandri,</strong></span> <span class='ocrx_word' id='word_1_90' title='bbox 605 1114 876 1178; x_wconf 79' lang='lat' dir='ltr'><strong>passimque</strong></span> <span class='ocrx_word' id='word_1_91' title='bbox 897 1116 1116 1162; x_wconf 86' lang='lat' dir='ltr'><strong>armenta</strong></span> <span class='ocrx_word' id='word_1_92' title='bbox 1135 1113 1364 1162; x_wconf 83' lang='lat' dir='ltr'><strong>videbant</strong></span> <span class='ocrx_word' id='word_1_93' title='bbox 1601 1115 1698 1161; x_wconf 80' lang='lat'><strong>360</strong></span> 
     </span>
    </p>
   </div>
   <div class='ocr_carea' id='block_1_10' title="bbox 0 1177 1218 1244">
    <p class='ocr_par' dir='ltr' id='par_1_13' title="bbox 0 1177 1218 1244">
     <span class='ocr_line' id='line_1_16' title="bbox 0 1177 1218 1244; baseline -0.001 -16"><span class='ocrx_word' id='word_1_94' title='bbox 0 1204 2 1208; x_wconf 56' lang='lat'>&gt;</span> <span class='ocrx_word' id='word_1_95' title='bbox 102 1177 419 1244; x_wconf 83' lang='lat' dir='ltr'><strong>Romanoque</strong></span> <span class='ocrx_word' id='word_1_96' title='bbox 439 1179 543 1229; x_wconf 85' lang='lat' dir='ltr'><strong>foro</strong></span> <span class='ocrx_word' id='word_1_97' title='bbox 565 1182 616 1228; x_wconf 89' lang='lat' dir='ltr'><strong>et</strong></span> <span class='ocrx_word' id='word_1_98' title='bbox 637 1179 783 1228; x_wconf 85' lang='lat' dir='ltr'><strong>lautis</strong></span> <span class='ocrx_word' id='word_1_99' title='bbox 804 1180 992 1244; x_wconf 87' lang='lat' dir='ltr'><strong>mugire</strong></span> <span class='ocrx_word' id='word_1_100' title='bbox 1015 1179 1218 1228; x_wconf 86' lang='lat' dir='ltr'><strong>Carinis.</strong></span> 
     </span>
    </p>
   </div>
   <div class='ocr_carea' id='block_1_11' title="bbox 101 1243 1696 1573">
    <p class='ocr_par' dir='ltr' id='par_1_14' title="bbox 102 1243 1502 1376">
     <span class='ocr_line' id='line_1_17' title="bbox 102 1243 1502 1310; baseline -0.001 -17"><span class='ocrx_word' id='word_1_101' title='bbox 102 1243 180 1293; x_wconf 87' lang='lat' dir='ltr'><strong>Ut</strong></span> <span class='ocrx_word' id='word_1_102' title='bbox 199 1247 401 1294; x_wconf 82' lang='lat' dir='ltr'><strong>ventum</strong></span> <span class='ocrx_word' id='word_1_103' title='bbox 422 1246 484 1294; x_wconf 87' lang='lat' dir='ltr'><strong>ad</strong></span> <span class='ocrx_word' id='word_1_104' title='bbox 505 1246 653 1305; x_wconf 85' lang='lat' dir='ltr'><strong>sedes,</strong></span> <span class='ocrx_word' id='word_1_105' title='bbox 675 1249 704 1271; x_wconf 92' lang='grc'><strong>“</strong></span> <span class='ocrx_word' id='word_1_106' title='bbox 722 1245 894 1306; x_wconf 85' lang='lat' dir='ltr'><strong>Haee,”</strong></span> <span class='ocrx_word' id='word_1_107' title='bbox 919 1246 1093 1310; x_wconf 90' lang='lat' dir='ltr'><strong>inquit,</strong></span> <span class='ocrx_word' id='word_1_108' title='bbox 1116 1249 1144 1271; x_wconf 91' lang='lat'><strong>“</strong></span> <span class='ocrx_word' id='word_1_109' title='bbox 1159 1245 1327 1294; x_wconf 84' lang='lat' dir='ltr'><strong>limina</strong></span> <span class='ocrx_word' id='word_1_110' title='bbox 1348 1244 1502 1293; x_wconf 83' lang='lat' dir='ltr'><strong>vietor</strong></span> 
     </span>
     <span class='ocr_line' id='line_1_18' title="bbox 102 1309 1104 1376; baseline -0.001 -16"><span class='ocrx_word' id='word_1_111' title='bbox 102 1309 297 1360; x_wconf 78' lang='lat' dir='ltr'><strong>Alcides</strong></span> <span class='ocrx_word' id='word_1_112' title='bbox 316 1311 494 1372; x_wconf 76' lang='lat' dir='ltr'><strong>subiit3</strong></span> <span class='ocrx_word' id='word_1_113' title='bbox 527 1312 628 1360; x_wconf 72' lang='lat' dir='ltr'><strong>hee</strong></span> <span class='ocrx_word' id='word_1_114' title='bbox 649 1311 789 1360; x_wconf 91' lang='lat' dir='ltr'><strong>illum</strong></span> <span class='ocrx_word' id='word_1_115' title='bbox 809 1312 942 1376; x_wconf 84' lang='lat' dir='ltr'><strong>regia</strong></span> <span class='ocrx_word' id='word_1_116' title='bbox 962 1313 1104 1376; x_wconf 87' lang='lat' dir='ltr'><strong>cepit.</strong></span> 
     </span>
    </p>

    <p class='ocr_par' dir='ltr' id='par_1_15' title="bbox 101 1376 1696 1573">
     <span class='ocr_line' id='line_1_19' title="bbox 101 1376 1524 1443; baseline -0.001 -17"><span class='ocrx_word' id='word_1_117' title='bbox 101 1376 260 1438; x_wconf 77' lang='lat' dir='ltr'><strong>Ande,</strong></span> <span class='ocrx_word' id='word_1_118' title='bbox 279 1377 467 1442; x_wconf 78' lang='lat' dir='ltr'><strong>hospes,</strong></span> <span class='ocrx_word' id='word_1_119' title='bbox 490 1380 794 1427; x_wconf 70' lang='lat' dir='ltr'><strong>contemnere</strong></span> <span class='ocrx_word' id='word_1_120' title='bbox 816 1394 943 1442; x_wconf 82' lang='lat' dir='ltr'><strong>opes,</strong></span> <span class='ocrx_word' id='word_1_121' title='bbox 966 1381 1017 1427; x_wconf 92' lang='lat' dir='ltr'><strong>et</strong></span> <span class='ocrx_word' id='word_1_122' title='bbox 1039 1380 1091 1427; x_wconf 89' lang='lat' dir='ltr'><strong>te</strong></span> <span class='ocrx_word' id='word_1_123' title='bbox 1113 1394 1301 1442; x_wconf 89' lang='lat' dir='ltr'><strong>quoque</strong></span> <span class='ocrx_word' id='word_1_124' title='bbox 1324 1376 1524 1443; x_wconf 82' lang='lat' dir='ltr'><strong>dignum</strong></span> 
     </span>
     <span class='ocr_line' id='line_1_20' title="bbox 102 1442 1696 1519; baseline -0.002 -27"><span class='ocrx_word' id='word_1_125' title='bbox 102 1442 263 1519; x_wconf 72' lang='lat' dir='ltr'><strong>Finge</strong></span> <span class='ocrx_word' id='word_1_126' title='bbox 283 1443 400 1492; x_wconf 83' lang='lat' dir='ltr'><strong>deo:</strong></span> <span class='ocrx_word' id='word_1_127' title='bbox 433 1444 667 1508; x_wconf 85' lang='lat' dir='ltr'><strong>rebusque</strong></span> <span class='ocrx_word' id='word_1_128' title='bbox 688 1444 799 1493; x_wconf 81' lang='lat' dir='ltr'><strong>veni</strong></span> <span class='ocrx_word' id='word_1_129' title='bbox 819 1461 919 1492; x_wconf 93' lang='lat' dir='ltr'><strong>non</strong></span> <span class='ocrx_word' id='word_1_130' title='bbox 941 1461 1077 1508; x_wconf 82' lang='lat' dir='ltr'><strong>asper</strong></span> <span class='ocrx_word' id='word_1_131' title='bbox 1098 1444 1311 1508; x_wconf 86' lang='lat' dir='ltr'><strong>egenis.’&#39;</strong></span> <span class='ocrx_word' id='word_1_132' title='bbox 1601 1443 1696 1490; x_wconf 80' lang='lat'><strong>865</strong></span> 
     </span>
     <span class='ocr_line' id='line_1_21' title="bbox 103 1507 1096 1573; baseline 0 -16"><span class='ocrx_word' id='word_1_133' title='bbox 103 1507 261 1569; x_wconf 73' lang='lat' dir='ltr'><strong>Dim,</strong></span> <span class='ocrx_word' id='word_1_134' title='bbox 282 1512 335 1558; x_wconf 91' lang='lat' dir='ltr'><strong>et</strong></span> <span class='ocrx_word' id='word_1_135' title='bbox 356 1509 552 1573; x_wconf 77' lang='lat' dir='ltr'><strong>angusti</strong></span> <span class='ocrx_word' id='word_1_136' title='bbox 572 1510 739 1558; x_wconf 68' lang='lat' dir='ltr'><strong>suliter</strong></span> <span class='ocrx_word' id='word_1_137' title='bbox 758 1510 955 1573; x_wconf 82' lang='lat' dir='ltr'><strong>fastigia</strong></span> <span class='ocrx_word' id='word_1_138' title='bbox 974 1509 1096 1558; x_wconf 89' lang='lat' dir='ltr'><strong>teeti</strong></span> 
     </span>
    </p>
   </div>
   <div class='ocr_carea' id='block_1_12' title="bbox 74 1573 1230 1640">
    <p class='ocr_par' dir='ltr' id='par_1_16' title="bbox 74 1573 1230 1640">
     <span class='ocr_line' id='line_1_22' title="bbox 74 1573 1230 1640; baseline 0 -17"><span class='ocrx_word' id='word_1_139' title='bbox 74 1615 77 1617; x_wconf 78' lang='lat'><em>.</em></span> <span class='ocrx_word' id='word_1_140' title='bbox 103 1573 366 1640; x_wconf 76' lang='lat' dir='ltr'><strong>Ingentem</strong></span> <span class='ocrx_word' id='word_1_141' title='bbox 386 1575 574 1624; x_wconf 76' lang='lat' dir='ltr'><strong>AEnean</strong></span> <span class='ocrx_word' id='word_1_142' title='bbox 595 1575 750 1634; x_wconf 85' lang='lat' dir='ltr'><strong>duxit,</strong></span> <span class='ocrx_word' id='word_1_143' title='bbox 773 1575 1031 1639; x_wconf 83' lang='lat' dir='ltr'><strong>stratisque</strong></span> <span class='ocrx_word' id='word_1_144' title='bbox 1053 1574 1230 1623; x_wconf 83' lang='lat' dir='ltr'><strong>locavit</strong></span> 
     </span>
    </p>
   </div>
   <div class='ocr_carea' id='block_1_13' title="bbox 102 1639 1702 2430">
    <p class='ocr_par' dir='ltr' id='par_1_17' title="bbox 102 1639 1702 2430">
     <span class='ocr_line' id='line_1_23' title="bbox 104 1639 1158 1705; baseline -0.001 -16"><span class='ocrx_word' id='word_1_145' title='bbox 104 1639 349 1689; x_wconf 82' lang='lat' dir='ltr'><strong>Effultum</strong></span> <span class='ocrx_word' id='word_1_146' title='bbox 370 1641 495 1690; x_wconf 74' lang='lat' dir='ltr'><strong>foliis</strong></span> <span class='ocrx_word' id='word_1_147' title='bbox 516 1644 569 1690; x_wconf 88' lang='lat' dir='ltr'><strong>et</strong></span> <span class='ocrx_word' id='word_1_148' title='bbox 589 1641 711 1705; x_wconf 87' lang='lat' dir='ltr'><strong>pelle</strong></span> <span class='ocrx_word' id='word_1_149' title='bbox 733 1641 1000 1705; x_wconf 83' lang='lat' dir='ltr'><strong>Libystidis</strong></span> <span class='ocrx_word' id='word_1_150' title='bbox 1022 1657 1158 1688; x_wconf 84' lang='lat' dir='ltr'><strong>ursae.</strong></span> 
     </span>
     <span class='ocr_line' id='line_1_24' title="bbox 170 1704 1361 1771; baseline -0.001 -17"><span class='ocrx_word' id='word_1_151' title='bbox 170 1706 285 1754; x_wconf 84' lang='lat' dir='ltr'><strong>Nox</strong></span> <span class='ocrx_word' id='word_1_152' title='bbox 308 1706 422 1766; x_wconf 87' lang='lat' dir='ltr'><strong>ruit,</strong></span> <span class='ocrx_word' id='word_1_153' title='bbox 445 1709 496 1755; x_wconf 89' lang='lat' dir='ltr'><strong>et</strong></span> <span class='ocrx_word' id='word_1_154' title='bbox 517 1706 662 1755; x_wconf 79' lang='lat' dir='ltr'><strong>fuscis</strong></span> <span class='ocrx_word' id='word_1_155' title='bbox 682 1706 906 1756; x_wconf 88' lang='lat' dir='ltr'><strong>tellurem</strong></span> <span class='ocrx_word' id='word_1_156' title='bbox 927 1706 1235 1771; x_wconf 78' lang='lat' dir='ltr'><strong>amplectitur</strong></span> <span class='ocrx_word' id='word_1_157' title='bbox 1256 1704 1361 1754; x_wconf 84' lang='lat' dir='ltr'><strong>alis.</strong></span> 
     </span>
     <span class='ocr_line' id='line_1_25' title="bbox 102 1770 1701 1837; baseline -0.002 -16"><span class='ocrx_word' id='word_1_158' title='bbox 102 1771 177 1821; x_wconf 75' lang='lat' dir='ltr'><strong>At</strong></span> <span class='ocrx_word' id='word_1_159' title='bbox 198 1770 362 1821; x_wconf 85' lang='lat' dir='ltr'><strong>Venus</strong></span> <span class='ocrx_word' id='word_1_160' title='bbox 384 1771 516 1821; x_wconf 86' lang='lat' dir='ltr'><strong>haud</strong></span> <span class='ocrx_word' id='word_1_161' title='bbox 536 1772 696 1821; x_wconf 90' lang='lat' dir='ltr'><strong>animo</strong></span> <span class='ocrx_word' id='word_1_162' title='bbox 717 1772 1039 1837; x_wconf 82' lang='lat' dir='ltr'><strong>nequidquam</strong></span> <span class='ocrx_word' id='word_1_163' title='bbox 1060 1772 1291 1821; x_wconf 83' lang='lat' dir='ltr'><strong>exterrita</strong></span> <span class='ocrx_word' id='word_1_164' title='bbox 1311 1772 1480 1830; x_wconf 87' lang='lat' dir='ltr'><strong>mater,</strong></span> <span class='ocrx_word' id='word_1_165' title='bbox 1601 1770 1701 1818; x_wconf 80' lang='lat'><strong>3⁷0</strong></span> 
     </span>
     <span class='ocr_line' id='line_1_26' title="bbox 103 1836 1287 1902; baseline -0.001 -15"><span class='ocrx_word' id='word_1_166' title='bbox 103 1836 496 1902; x_wconf 67' lang='lat' dir='ltr'><strong>Imuentumque</strong></span> <span class='ocrx_word' id='word_1_167' title='bbox 516 1838 660 1887; x_wconf 90' lang='lat' dir='ltr'><strong>minis</strong></span> <span class='ocrx_word' id='word_1_168' title='bbox 682 1841 735 1888; x_wconf 90' lang='lat' dir='ltr'><strong>et</strong></span> <span class='ocrx_word' id='word_1_169' title='bbox 756 1839 876 1887; x_wconf 87' lang='lat' dir='ltr'><strong>duro</strong></span> <span class='ocrx_word' id='word_1_170' title='bbox 898 1841 1034 1887; x_wconf 83' lang='lat' dir='ltr'><strong>mota</strong></span> <span class='ocrx_word' id='word_1_171' title='bbox 1053 1838 1287 1898; x_wconf 85' lang='lat' dir='ltr'><strong>tumultu,</strong></span> 
     </span>
     <span class='ocr_line' id='line_1_27' title="bbox 102 1902 1531 1969; baseline 0 -18"><span class='ocrx_word' id='word_1_172' title='bbox 102 1902 375 1953; x_wconf 79' lang='lat' dir='ltr'><strong>Vuleenum</strong></span> <span class='ocrx_word' id='word_1_173' title='bbox 397 1904 671 1969; x_wconf 80' lang='lat' dir='ltr'><strong>alloquitur,</strong></span> <span class='ocrx_word' id='word_1_174' title='bbox 692 1905 1000 1968; x_wconf 76' lang='lat' dir='ltr'><strong>thalamoque</strong></span> <span class='ocrx_word' id='word_1_175' title='bbox 1021 1904 1128 1952; x_wconf 74' lang='lat' dir='ltr'><strong>haee</strong></span> <span class='ocrx_word' id='word_1_176' title='bbox 1151 1902 1368 1969; x_wconf 82' lang='lat' dir='ltr'><strong>conjugis</strong></span> <span class='ocrx_word' id='word_1_177' title='bbox 1391 1919 1531 1953; x_wconf 84' lang='lat' dir='ltr'><strong>aureo</strong></span> 
     </span>
     <span class='ocr_line' id='line_1_28' title="bbox 103 1968 1219 2035; baseline 0 -16"><span class='ocrx_word' id='word_1_178' title='bbox 103 1968 279 2035; x_wconf 80' lang='lat' dir='ltr'><strong>Incipi,</strong></span> <span class='ocrx_word' id='word_1_179' title='bbox 300 1974 353 2019; x_wconf 90' lang='lat' dir='ltr'><strong>et</strong></span> <span class='ocrx_word' id='word_1_180' title='bbox 373 1971 516 2019; x_wconf 86' lang='lat' dir='ltr'><strong>dietis</strong></span> <span class='ocrx_word' id='word_1_181' title='bbox 539 1970 757 2019; x_wconf 85' lang='lat' dir='ltr'><strong>divinum</strong></span> <span class='ocrx_word' id='word_1_182' title='bbox 778 1970 959 2035; x_wconf 86' lang='lat' dir='ltr'><strong>aspirat</strong></span> <span class='ocrx_word' id='word_1_183' title='bbox 980 1986 1219 2019; x_wconf 87' lang='lat' dir='ltr'><strong>amorem:</strong></span> 
     </span>
     <span class='ocr_line' id='line_1_29' title="bbox 104 2034 1365 2102; baseline -0.002 -17"><span class='ocrx_word' id='word_1_184' title='bbox 104 2038 135 2062; x_wconf 81' lang='lat'><strong>‘⁸</strong></span> <span class='ocrx_word' id='word_1_185' title='bbox 149 2034 286 2085; x_wconf 87' lang='lat' dir='ltr'><strong>Dum</strong></span> <span class='ocrx_word' id='word_1_186' title='bbox 305 2036 431 2086; x_wconf 87' lang='lat' dir='ltr'><strong>bello</strong></span> <span class='ocrx_word' id='word_1_187' title='bbox 453 2036 670 2102; x_wconf 81' lang='lat' dir='ltr'><strong>Argolici</strong></span> <span class='ocrx_word' id='word_1_188' title='bbox 690 2038 946 2085; x_wconf 82' lang='lat' dir='ltr'><strong>vastabant</strong></span> <span class='ocrx_word' id='word_1_189' title='bbox 970 2036 1208 2100; x_wconf 85' lang='lat' dir='ltr'><strong>Pergama</strong></span> <span class='ocrx_word' id='word_1_190' title='bbox 1228 2051 1365 2099; x_wconf 87' lang='lat' dir='ltr'><strong>reges</strong></span> 
     </span>
     <span class='ocr_line' id='line_1_30' title="bbox 102 2098 1702 2167; baseline -0.003 -16"><span class='ocrx_word' id='word_1_191' title='bbox 102 2100 286 2151; x_wconf 82' lang='lat' dir='ltr'><strong>Debita</strong></span> <span class='ocrx_word' id='word_1_192' title='bbox 306 2118 588 2166; x_wconf 80' lang='lat' dir='ltr'><strong>easurasque</strong></span> <span class='ocrx_word' id='word_1_193' title='bbox 609 2102 814 2150; x_wconf 77' lang='lat' dir='ltr'><strong>inimicis</strong></span> <span class='ocrx_word' id='word_1_194' title='bbox 834 2102 1028 2167; x_wconf 78' lang='lat' dir='ltr'><strong>ignibus</strong></span> <span class='ocrx_word' id='word_1_195' title='bbox 1050 2118 1195 2161; x_wconf 80' lang='lat' dir='ltr'><strong>areos,</strong></span> <span class='ocrx_word' id='word_1_196' title='bbox 1604 2098 1702 2148; x_wconf 79' lang='lat'><strong>3⁷5</strong></span> 
     </span>
     <span class='ocr_line' id='line_1_31' title="bbox 103 2165 1334 2231; baseline -0.002 -15"><span class='ocrx_word' id='word_1_197' title='bbox 103 2166 222 2217; x_wconf 79' lang='lat' dir='ltr'><strong>Non</strong></span> <span class='ocrx_word' id='word_1_198' title='bbox 242 2167 398 2216; x_wconf 89' lang='lat' dir='ltr'><strong>ullum</strong></span> <span class='ocrx_word' id='word_1_199' title='bbox 419 2168 650 2216; x_wconf 78' lang='lat' dir='ltr'><strong>auxilium</strong></span> <span class='ocrx_word' id='word_1_200' title='bbox 671 2167 870 2228; x_wconf 87' lang='lat' dir='ltr'><strong>miseris,</strong></span> <span class='ocrx_word' id='word_1_201' title='bbox 892 2184 988 2216; x_wconf 91' lang='lat' dir='ltr'><strong>non</strong></span> <span class='ocrx_word' id='word_1_202' title='bbox 1013 2183 1146 2216; x_wconf 84' lang='lat' dir='ltr'><strong>arma</strong></span> <span class='ocrx_word' id='word_1_203' title='bbox 1166 2165 1334 2231; x_wconf 86' lang='lat' dir='ltr'><strong>rogavi</strong></span> 
     </span>
     <span class='ocr_line' id='line_1_32' title="bbox 104 2233 1295 2299; baseline 0 -17"><span class='ocrx_word' id='word_1_204' title='bbox 104 2233 243 2282; x_wconf 81' lang='lat' dir='ltr'><strong>Artis</strong></span> <span class='ocrx_word' id='word_1_205' title='bbox 264 2234 460 2299; x_wconf 85' lang='lat' dir='ltr'><strong>opisque</strong></span> <span class='ocrx_word' id='word_1_206' title='bbox 480 2236 610 2294; x_wconf 78' lang='lat' dir='ltr'><strong>tuae3</strong></span> <span class='ocrx_word' id='word_1_207' title='bbox 642 2249 731 2282; x_wconf 88' lang='lat' dir='ltr'><strong>nee</strong></span> <span class='ocrx_word' id='word_1_208' title='bbox 752 2236 818 2293; x_wconf 90' lang='lat' dir='ltr'><strong>te,</strong></span> <span class='ocrx_word' id='word_1_209' title='bbox 841 2233 1080 2282; x_wconf 80' lang='lat' dir='ltr'><strong>carissime</strong></span> <span class='ocrx_word' id='word_1_210' title='bbox 1102 2233 1295 2298; x_wconf 80' lang='lat' dir='ltr'><strong>conjux,</strong></span> 
     </span>
     <span class='ocr_line' id='line_1_33' title="bbox 105 2298 1168 2350; baseline 0 -2"><span class='ocrx_word' id='word_1_211' title='bbox 105 2298 414 2349; x_wconf 80' lang='lat' dir='ltr'><strong>Ineessumve</strong></span> <span class='ocrx_word' id='word_1_212' title='bbox 435 2302 547 2349; x_wconf 82' lang='lat' dir='ltr'><strong>tuos</strong></span> <span class='ocrx_word' id='word_1_213' title='bbox 567 2299 700 2349; x_wconf 83' lang='lat' dir='ltr'><strong>volui</strong></span> <span class='ocrx_word' id='word_1_214' title='bbox 721 2315 935 2350; x_wconf 79' lang='lat' dir='ltr'><strong>exercere</strong></span> <span class='ocrx_word' id='word_1_215' title='bbox 955 2299 1168 2348; x_wconf 84' lang='lat' dir='ltr'><strong>labores:</strong></span> 
     </span>
     <span class='ocr_line' id='line_1_34' title="bbox 105 2364 1261 2430; baseline 0 -17"><span class='ocrx_word' id='word_1_216' title='bbox 105 2364 335 2425; x_wconf 80' lang='lat' dir='ltr'><strong>Quamvis</strong></span> <span class='ocrx_word' id='word_1_217' title='bbox 357 2368 409 2414; x_wconf 90' lang='lat' dir='ltr'><strong>et</strong></span> <span class='ocrx_word' id='word_1_218' title='bbox 431 2365 625 2415; x_wconf 82' lang='lat' dir='ltr'><strong>Priama</strong></span> <span class='ocrx_word' id='word_1_219' title='bbox 645 2365 866 2415; x_wconf 84' lang='lat' dir='ltr'><strong>deberem</strong></span> <span class='ocrx_word' id='word_1_220' title='bbox 887 2364 1096 2430; x_wconf 86' lang='lat' dir='ltr'><strong>plurima</strong></span> <span class='ocrx_word' id='word_1_221' title='bbox 1116 2364 1261 2424; x_wconf 85' lang='lat' dir='ltr'><strong>natis,</strong></span> 
     </span>
    </p>
   </div>
   <div class='ocr_carea' id='block_1_14' title="bbox 15 2428 1703 2497">
    <p class='ocr_par' dir='ltr' id='par_1_18' title="bbox 15 2428 1703 2497">
     <span class='ocr_line' id='line_1_35' title="bbox 15 2428 1703 2497; baseline -0.002 -17"><span class='ocrx_word' id='word_1_222' title='bbox 15 2448 24 2455; x_wconf 89' lang='lat'><strong>·</strong></span> <span class='ocrx_word' id='word_1_223' title='bbox 105 2428 180 2480; x_wconf 75' lang='lat' dir='ltr'><strong>Et</strong></span> <span class='ocrx_word' id='word_1_224' title='bbox 200 2430 375 2480; x_wconf 84' lang='lat' dir='ltr'><strong>durum</strong></span> <span class='ocrx_word' id='word_1_225' title='bbox 396 2431 566 2481; x_wconf 76' lang='lat' dir='ltr'><strong>AEneoe</strong></span> <span class='ocrx_word' id='word_1_226' title='bbox 589 2431 826 2482; x_wconf 79' lang='lat' dir='ltr'><strong>flevissem</strong></span> <span class='ocrx_word' id='word_1_227' title='bbox 848 2448 973 2497; x_wconf 80' lang='lat' dir='ltr'><strong>saepe</strong></span> <span class='ocrx_word' id='word_1_228' title='bbox 994 2431 1222 2481; x_wconf 84' lang='lat' dir='ltr'><strong>laborem.</strong></span> <span class='ocrx_word' id='word_1_229' title='bbox 1607 2429 1703 2477; x_wconf 81' lang='lat'><strong>880</strong></span> 
     </span>
    </p>
   </div>
   <div class='ocr_carea' id='block_1_15' title="bbox 105 2494 1705 2959">
    <p class='ocr_par' dir='ltr' id='par_1_19' title="bbox 105 2494 1359 2563">
     <span class='ocr_line' id='line_1_36' title="bbox 105 2494 1359 2563; baseline -0.002 -16"><span class='ocrx_word' id='word_1_230' title='bbox 105 2494 254 2547; x_wconf 76' lang='lat' dir='ltr'><strong>Nune</strong></span> <span class='ocrx_word' id='word_1_231' title='bbox 276 2496 314 2547; x_wconf 85' lang='lat' dir='ltr'><strong>J</strong></span> <span class='ocrx_word' id='word_1_232' title='bbox 314 2497 416 2547; x_wconf 78' lang='lat' dir='ltr'><strong>ovis</strong></span> <span class='ocrx_word' id='word_1_233' title='bbox 436 2498 647 2563; x_wconf 81' lang='lat' dir='ltr'><strong>imperiis</strong></span> <span class='ocrx_word' id='word_1_234' title='bbox 671 2497 966 2547; x_wconf 85' lang='lat' dir='ltr'><strong>Rutulorum</strong></span> <span class='ocrx_word' id='word_1_235' title='bbox 990 2498 1214 2547; x_wconf 79' lang='lat' dir='ltr'><strong>constitit</strong></span> <span class='ocrx_word' id='word_1_236' title='bbox 1235 2495 1359 2545; x_wconf 73' lang='lat' dir='ltr'><strong>orisz</strong></span> 
     </span>
    </p>

    <p class='ocr_par' dir='ltr' id='par_1_20' title="bbox 106 2560 1488 2628">
     <span class='ocr_line' id='line_1_37' title="bbox 106 2560 1488 2628; baseline -0.001 -17"><span class='ocrx_word' id='word_1_237' title='bbox 106 2560 244 2628; x_wconf 77' lang='lat' dir='ltr'><strong>Ergo</strong></span> <span class='ocrx_word' id='word_1_238' title='bbox 265 2563 429 2613; x_wconf 80' lang='lat' dir='ltr'><strong>eadem</strong></span> <span class='ocrx_word' id='word_1_239' title='bbox 451 2564 648 2628; x_wconf 81' lang='lat' dir='ltr'><strong>supplex</strong></span> <span class='ocrx_word' id='word_1_240' title='bbox 670 2563 824 2624; x_wconf 78' lang='lat' dir='ltr'><strong>venio,</strong></span> <span class='ocrx_word' id='word_1_241' title='bbox 847 2566 898 2612; x_wconf 90' lang='lat' dir='ltr'><strong>et</strong></span> <span class='ocrx_word' id='word_1_242' title='bbox 919 2565 1142 2612; x_wconf 86' lang='lat' dir='ltr'><strong>sanetum</strong></span> <span class='ocrx_word' id='word_1_243' title='bbox 1165 2562 1287 2611; x_wconf 87' lang='lat' dir='ltr'><strong>mihi</strong></span> <span class='ocrx_word' id='word_1_244' title='bbox 1310 2574 1488 2610; x_wconf 86' lang='lat' dir='ltr'><strong>numen</strong></span> 
     </span>
    </p>

    <p class='ocr_par' dir='ltr' id='par_1_21' title="bbox 107 2628 1257 2695">
     <span class='ocr_line' id='line_1_38' title="bbox 107 2628 1257 2695; baseline 0 -18"><span class='ocrx_word' id='word_1_245' title='bbox 107 2628 263 2678; x_wconf 78' lang='lat' dir='ltr'><strong>Anna</strong></span> <span class='ocrx_word' id='word_1_246' title='bbox 280 2645 414 2695; x_wconf 82' lang='lat' dir='ltr'><strong>rogo,</strong></span> <span class='ocrx_word' id='word_1_247' title='bbox 436 2629 655 2695; x_wconf 79' lang='lat' dir='ltr'><strong>genetrix</strong></span> <span class='ocrx_word' id='word_1_248' title='bbox 678 2632 807 2678; x_wconf 79' lang='lat' dir='ltr'><strong>nato.</strong></span> <span class='ocrx_word' id='word_1_249' title='bbox 876 2629 948 2678; x_wconf 79' lang='lat' dir='ltr'><strong>Te</strong></span> <span class='ocrx_word' id='word_1_250' title='bbox 971 2629 1071 2678; x_wconf 77' lang='lat' dir='ltr'><strong>filia</strong></span> <span class='ocrx_word' id='word_1_251' title='bbox 1093 2628 1257 2688; x_wconf 83' lang='lat' dir='ltr'><strong>Nerei,</strong></span> 
     </span>
    </p>

    <p class='ocr_par' dir='ltr' id='par_1_22' title="bbox 108 2691 1267 2759">
     <span class='ocr_line' id='line_1_39' title="bbox 108 2691 1267 2759; baseline -0.001 -16"><span class='ocrx_word' id='word_1_252' title='bbox 108 2691 183 2743; x_wconf 81' lang='lat' dir='ltr'><strong>&#39;l&#39;e</strong></span> <span class='ocrx_word' id='word_1_253' title='bbox 202 2695 366 2759; x_wconf 86' lang='lat' dir='ltr'><strong>potuit</strong></span> <span class='ocrx_word' id='word_1_254' title='bbox 386 2695 592 2744; x_wconf 79' lang='lat' dir='ltr'><strong>lacrimis</strong></span> <span class='ocrx_word' id='word_1_255' title='bbox 614 2694 847 2744; x_wconf 73' lang='lat' dir='ltr'><strong>Tithonia</strong></span> <span class='ocrx_word' id='word_1_256' title='bbox 866 2694 1057 2744; x_wconf 77' lang='lat' dir='ltr'><strong>flectere</strong></span> <span class='ocrx_word' id='word_1_257' title='bbox 1079 2694 1267 2759; x_wconf 80' lang='lat' dir='ltr'><strong>eonjux.</strong></span> 
     </span>
    </p>

    <p class='ocr_par' dir='ltr' id='par_1_23' title="bbox 109 2758 1705 2959">
     <span class='ocr_line' id='line_1_40' title="bbox 109 2758 1705 2827; baseline -0.002 -17"><span class='ocrx_word' id='word_1_258' title='bbox 109 2759 302 2825; x_wconf 69' lang='lat' dir='ltr'><strong>Aspice,</strong></span> <span class='ocrx_word' id='word_1_259' title='bbox 322 2760 407 2827; x_wconf 83' lang='lat' dir='ltr'><strong>qui</strong></span> <span class='ocrx_word' id='word_1_260' title='bbox 427 2764 601 2811; x_wconf 70' lang='lat' dir='ltr'><strong>eoeant</strong></span> <span class='ocrx_word' id='word_1_261' title='bbox 622 2761 801 2827; x_wconf 86' lang='lat' dir='ltr'><strong>populi,</strong></span> <span class='ocrx_word' id='word_1_262' title='bbox 823 2777 929 2826; x_wconf 76' lang='lat' dir='ltr'><strong>quae</strong></span> <span class='ocrx_word' id='word_1_263' title='bbox 952 2761 1131 2810; x_wconf 81' lang='lat' dir='ltr'><strong>moenia</strong></span> <span class='ocrx_word' id='word_1_264' title='bbox 1151 2758 1324 2810; x_wconf 81' lang='lat' dir='ltr'><strong>clausis</strong></span> <span class='ocrx_word' id='word_1_265' title='bbox 1610 2759 1705 2808; x_wconf 75' lang='lat'><strong>885</strong></span> 
     </span>
     <span class='ocr_line' id='line_1_41' title="bbox 110 2819 1500 2893; baseline 0 -18"><span class='ocrx_word' id='word_1_266' title='bbox 110 2820 316 2876; x_wconf 77' lang='lat' dir='ltr'><strong>Ferrum</strong></span> <span class='ocrx_word' id='word_1_267' title='bbox 338 2829 513 2877; x_wconf 75' lang='lat' dir='ltr'><strong>amant</strong></span> <span class='ocrx_word' id='word_1_268' title='bbox 533 2828 686 2893; x_wconf 81' lang='lat' dir='ltr'><strong>portis</strong></span> <span class='ocrx_word' id='word_1_269' title='bbox 708 2827 759 2875; x_wconf 89' lang='lat' dir='ltr'><strong>in</strong></span> <span class='ocrx_word' id='word_1_270' title='bbox 780 2842 859 2876; x_wconf 89' lang='lat' dir='ltr'><strong>me</strong></span> <span class='ocrx_word' id='word_1_271' title='bbox 881 2826 1210 2891; x_wconf 82' lang='lat' dir='ltr'><strong>excidiumque</strong></span> <span class='ocrx_word' id='word_1_272' title='bbox 1234 2819 1500 2875; x_wconf 83' lang='lat' dir='ltr'><strong>meorum.”</strong></span> 
     </span>
     <span class='ocr_line' id='line_1_42' title="bbox 110 2886 1383 2959; baseline 0.002 -18"><span class='ocrx_word' id='word_1_273' title='bbox 110 2886 343 2957; x_wconf 69' lang='lat' dir='ltr'><strong>Dixerat,</strong></span> <span class='ocrx_word' id='word_1_274' title='bbox 373 2895 427 2945; x_wconf 85' lang='lat' dir='ltr'><strong>et</strong></span> <span class='ocrx_word' id='word_1_275' title='bbox 444 2893 598 2945; x_wconf 78' lang='lat' dir='ltr'><strong>niveis</strong></span> <span class='ocrx_word' id='word_1_276' title='bbox 619 2892 733 2944; x_wconf 85' lang='lat' dir='ltr'><strong>hino</strong></span> <span class='ocrx_word' id='word_1_277' title='bbox 756 2896 903 2959; x_wconf 82' lang='lat' dir='ltr'><strong>atque</strong></span> <span class='ocrx_word' id='word_1_278' title='bbox 924 2892 1038 2945; x_wconf 83' lang='lat' dir='ltr'><strong>hine</strong></span> <span class='ocrx_word' id='word_1_279' title='bbox 1060 2892 1173 2945; x_wconf 75' lang='lat' dir='ltr'><strong>diva</strong></span> <span class='ocrx_word' id='word_1_280' title='bbox 1191 2891 1383 2943; x_wconf 80' lang='lat' dir='ltr'><strong>lseertis</strong></span> 
     </span>
    </p>
   </div>
  </div>
 </body>
</html>
