1988 3034
778 237 823 271 Ρ.
847 233 1084 271 VIRGILII
1105 232 1344 270 MARONIS

333 354 527 403 Accidit
548 354 656 403 haec
677 353 812 403 fessis
837 354 983 402 etiam
1003 353 1198 401 fortuna
1220 351 1422 412 Latinis,

267 421 386 479 Quae
408 423 567 469 totam
588 420 725 469 luctu
748 420 988 468 concussit
1010 419 1227 467 funditus
1249 419 1430 467 urbem.

266 486 457 549 Regina
477 488 536 533 ut
558 486 702 534 tectis
724 485 996 533 venientem
1017 485 1245 548 prospicit
1267 485 1472 543 hostem,

265 551 450 600 Incessi
469 568 647 612 muros,
669 551 805 615 ignes
829 552 889 599 ad
909 553 1042 599 tecta
1063 551 1237 608 volare,

265 617 520 679 Nusquam
542 618 665 666 acies
688 619 855 665 contra
877 616 1102 675 Rutulas,
1125 617 1258 663 nulla
1278 616 1472 679 agmina
1495 615 1645 663 Turni
1663 634 1675 675 ;

265 682 440 731 Infelix
461 699 638 747 pugnae
653 683 882 747 juvenem
904 683 955 730 in
978 682 1234 730 certamine
1259 682 1409 729 credit

264 749 576 796 Exstinctum
596 770 608 808 ;
642 752 706 808 et,
731 749 890 797 subito
914 751 1126 796 mentem
1148 749 1345 796 turbata
1367 747 1542 806 dolore,

265 814 327 862 Se
349 831 540 862 causam
562 815 749 872 clamat,
776 815 1061 878 crimenque,
1085 816 1323 876 caputque
1347 814 1579 862 malorum
1600 832 1613 874 ς

264 879 520 942 Multaque
542 897 626 944 per
647 886 871 928 maestum
895 881 1087 928 demens
1111 881 1254 927 effata
1275 881 1496 942 furorem,

265 944 534 1009 Purpureos
557 947 791 994 moritura
810 962 957 993 manu
979 945 1205 992 discindit
1228 945 1445 1004 amictus,

263 1010 336 1058 Et
358 1012 538 1059 nodum
560 1012 776 1060 informis
808 1010 884 1059 leti
906 1011 1043 1059 trabe
1065 1011 1218 1058 nectit
1241 1011 1301 1059 ab
1324 1011 1436 1058 alta.

265 1077 424 1135 Quam
446 1077 628 1125 cladem
649 1077 836 1125 miserae
854 1079 1109 1140 postquam
1130 1091 1347 1140 accepere
1370 1075 1573 1135 Latinae,

263 1141 391 1190 Filia
411 1143 565 1206 prima
586 1159 733 1190 manu
753 1143 901 1191 flavos
924 1142 1127 1190 Lavinia
1147 1143 1299 1190 crines

263 1207 335 1255 Et
357 1224 512 1256 roseas
534 1209 713 1257 laniata
734 1224 894 1272 genas,
917 1210 1026 1255 tum
1050 1210 1207 1255 cetera
1229 1208 1409 1256 circum

263 1273 440 1333 Turba,
463 1274 608 1322 furit:
643 1276 868 1322 resonant
889 1274 986 1322 late
1009 1273 1314 1337 plangoribus
1334 1274 1474 1322 aedes.

263 1338 398 1387 Hinc
419 1342 578 1388 totam
599 1340 762 1387 infelix
783 1340 1012 1403 vulgatur
1033 1339 1162 1386 fama
1183 1355 1267 1402 per
1288 1339 1470 1388 urbem.

263 1405 548 1453 Demittunt
571 1407 784 1465 mentes;
818 1406 861 1453 it
884 1406 1029 1453 scissa
1049 1408 1182 1453 veste
1207 1405 1425 1464 Latinus,

265 1471 497 1535 Conjugis
520 1471 757 1520 attonitus
779 1471 907 1530 fatis,
930 1471 1152 1533 urbisque
1174 1471 1326 1530 ruina,
1375 1508 1377 1513 .

264 1536 506 1585 Canitiem
527 1537 775 1585 immundo
797 1538 1036 1601 perfusam
1058 1537 1250 1600 pulvere
1271 1540 1487 1600 turpans,

265 1602 548 1667 [Multaque
571 1620 621 1652 se
642 1603 844 1662 incusat,
869 1603 952 1666 qui
974 1620 1071 1652 non
1095 1603 1327 1666 acceperit
1351 1606 1464 1651 ante

263 1668 563 1716 Dardanium
586 1669 786 1728 AEnean,
810 1685 1131 1733 generumque
1154 1669 1406 1717 adsciverit
1428 1667 1596 1731 ultro]

330 1734 524 1783 Interea
545 1737 757 1783 extremo
779 1735 981 1783 bellator
1003 1735 1055 1782 in
1078 1751 1262 1797 aequore
1285 1735 1477 1782 Turnus

264 1799 491 1848 Palantes
515 1801 730 1863 sequitur
750 1817 939 1863 paucos,
955 1801 1058 1863 jam
1082 1801 1284 1863 segnior,
1308 1803 1452 1862 atque

265 1865 304 1912 J
305 1882 383 1913 am
405 1867 563 1913 minus
587 1868 730 1928 atque
752 1866 911 1913 minus
935 1882 1151 1913 successu
1171 1866 1312 1913 laetus
1336 1881 1579 1928 equorum.

263 1931 452 1979 Attulit
475 1932 603 1979 hunc
624 1931 696 1978 illi
719 1932 850 1979 oaecis
873 1932 1133 1979 terroribus
1157 1947 1270 1978 aura

264 1996 595 2045 Commixtum
618 1997 886 2056 clamorem,
911 1999 1207 2059 arrectasque
1229 1996 1423 2061 impulit
1447 2014 1582 2046 aures

265 2062 489 2111 Confusae
515 2080 657 2111 sonus
680 2063 812 2110 urbis
836 2066 886 2110 et
907 2063 1150 2110 illaetabile
1172 2078 1405 2110 murmur.

265 2128 409 2176 “Hei
431 2129 547 2176 mihi
568 2130 577 2176 !
615 2129 731 2192 quid
752 2131 892 2176 tanto
914 2129 1175 2176 turbantur
1197 2129 1374 2177 moenia
1394 2129 1531 2177 luctu
1547 2128 1572 2177 Ρ

265 2194 441 2252 Quisve
463 2195 562 2242 ruit
584 2196 752 2242 tantus
775 2195 958 2242 diversa
981 2195 1157 2242 clamor
1178 2195 1238 2242 ab
1261 2195 1377 2242 urbe
1394 2193 1456 2242 ?”

266 2260 344 2308 Sic
367 2260 450 2319 ait,
475 2260 785 2322 adductisque
808 2277 969 2308 amens
993 2260 1212 2309 subsistit
1233 2260 1445 2309 habenis.

264 2325 429 2388 Atque
451 2325 577 2384 huic,
600 2325 652 2372 in
674 2326 843 2373 faciem
866 2343 997 2374 soror
1019 2328 1077 2373 ut
1100 2342 1325 2375 conversa
1347 2325 1544 2375 Metisci

265 2391 465 2454 Aurigae
488 2407 772 2453 currumque
795 2394 845 2438 et
869 2408 1012 2453 equos
1037 2393 1086 2438 et
1108 2391 1208 2438 lora
1229 2392 1439 2454 regebat,

267 2456 462 2504 Talibus
486 2456 692 2504 occurrit
716 2457 884 2503 dietis:
922 2457 1089 2514 Η(3,ο
1113 2456 1287 2515 Turne,
1312 2472 1565 2518 sequamur

266 2521 573 2585 Trojugenas,
597 2538 691 2585 qua
711 2522 866 2584 prima
886 2522 1015 2569 viam
1036 2494 1238 2569 victoria
1258 2522 1453 2584 pandit·
1442 2559 1454 2582 ‚

266 2586 391 2634 Sunt
414 2588 508 2646 alii,
532 2588 613 2650 qui
635 2590 766 2635 tecta
788 2604 932 2635 manu
956 2587 1204 2635 defendere
1225 2587 1426 2650 possint.

266 2651 463 2715 Ingruit
485 2653 661 2700 AEneas
686 2653 842 2712 Italis,
866 2656 916 2700 et
938 2653 1105 2716 proelia
1124 2653 1322 2712 miseet;

266 2716 337 2764 Et
359 2734 446 2765 nos
470 2733 597 2766 saeva
618 2735 765 2766 manu
786 2691 1038 2766 mittamus
1060 2719 1226 2766 funera
1248 2717 1457 2765 Teucris.

267 2781 373 2831 Nec
395 2799 592 2832 numero
613 2784 821 2845 inferior,
843 2800 1017 2848 pugnae
1040 2800 1128 2833 nec
1149 2784 1327 2832 honore
1348 2780 1585 2832 recedes.”

267 2846 458 2896 Turnus
480 2849 541 2896 ad
562 2850 695 2898 haec.

267 2911 355 2961 “0
376 2929 524 2974 soror,
547 2918 598 2963 et
620 2915 801 2964 dudum
824 2916 1013 2980 agnovi,
1036 2933 1184 2981 quum
1205 2915 1362 2980 prima
1380 2931 1466 2979 per
1485 2915 1642 2966 artem

1755 486 1786 533 Οἳ·

1789 486 1851 534 2³53

1755 815 1852 862 000

1752 1144 1851 1190 605

1757 1472 1855 1519 610

1754 1801 1852 1847 615

1754 2129 1854 2177 620

1753 2456 1851 2504 625

1752 2785 1853 2835 630
