1988 3034
835 234 883 269 1².
905 234 1142 270 VIRGILII
1162 234 1416 272 molus.

319 350 399 400 Sic
421 351 600 411 Turno,
624 368 919 416 quacumque
941 353 1070 402 viam
1091 353 1274 403 virtute
1295 353 1483 418 petivit,

321 417 603 466 Successum
624 419 712 466 dea
734 418 838 466 dira
858 421 1019 483 negat.
1088 419 1216 468 Tum
1238 422 1429 483 pectore
1453 435 1618 469 sensus

320 482 592 530 Vertuntur
613 484 745 532 varii.
815 484 1026 533 Rutulos
1050 488 1264 549 aspectat
1286 488 1337 534 et
1359 487 1540 544 urbem,
1815 485 1912 535 915

319 546 683 611 Cunctaturque
706 552 855 609 metu,
878 551 1122 614 telumque
1145 552 1323 599 instare
1346 551 1608 609 tremiscit3

319 613 425 661 Nec
448 630 541 677 quo
565 631 614 662 se
638 615 820 678 eripiat,
844 633 931 664 nec
955 633 1048 678 qua
1069 617 1119 663 vi
1139 617 1310 665 tendat
1331 617 1384 663 in
1404 617 1610 675 hostem,

319 679 424 727 Nec
447 695 611 727 currus
634 697 836 743 usquam
859 682 1005 739 videt,
1029 682 1303 746 aurigamve
1326 698 1548 730 sororem.

319 743 581 793 Cunctanti
601 747 754 794 telum
777 747 954 796 AEneas
974 748 1119 796 fatale
1142 750 1372 806 coruscat,

318 809 528 859 Sortitus
550 813 794 860 fortunam
817 814 991 873 oculis;
1026 816 1076 861 et
1099 830 1291 876 corpore
1312 816 1420 862 toto
1816 813 1916 862 920

318 875 524 924 Eminus
546 877 806 941 intorquet.
875 879 1058 927 Murali
1079 881 1266 928 concita
1286 895 1530 942 nunquam

319 941 581 991 Tormento
604 944 672 992 sic
695 960 807 992 saxa
828 945 1055 1003 fremunt,
1078 962 1165 994 nec
1187 946 1385 993 fulmine
1407 945 1537 993 tanti

319 1006 598 1056 Dissultant
621 1010 844 1072 crepitus.
913 1010 1060 1059 Volat
1083 1011 1175 1059 atri
1198 1011 1405 1059 turbinis
1427 1011 1581 1058 instar

319 1072 541 1121 Exitium
565 1075 722 1122 dirum
744 1075 886 1124 hasta
906 1076 1075 1136 ferens,
1098 1093 1295 1139 orasque
1316 1076 1521 1124 recludit

321 1138 521 1198 Loricae,
545 1143 595 1188 et
619 1141 758 1202 clipei
780 1144 1017 1190 extremos
1040 1142 1359 1206 septemplicis
1381 1142 1546 1200 orbes3
1813 1141 1912 1188 925

321 1203 415 1252 Per
436 1206 649 1253 medium
673 1207 879 1255 stridens
900 1208 1078 1256 transit
1100 1208 1268 1256 femur.
1338 1207 1519 1255 Incidit
1541 1206 1667 1254 ictus

321 1270 502 1335 Ingens
524 1271 586 1319 ad
606 1274 786 1320 terram
809 1273 1051 1335 duplicato
1073 1274 1254 1337 poplite
1276 1273 1482 1321 Turnus.

321 1335 633 1399 Consurgunt
655 1338 843 1402 gemitu
867 1338 1056 1398 Rutuli,
1080 1342 1311 1402 totusque
1332 1338 1544 1402 remugit

321 1402 467 1450 Mons
489 1403 682 1463 circum,
706 1407 756 1452 et
778 1421 943 1452 vocem
965 1406 1061 1453 late
1084 1421 1278 1453 nemora
1299 1405 1400 1453 alta
1419 1403 1695 1453 remittunt.

321 1467 412 1517 Ille
433 1468 629 1517 humilis
653 1470 943 1534 supplexque
966 1471 1125 1519 oculos
1149 1471 1460 1533 dextramque
1481 1471 1757 1534 precantem
1812 1468 1914 1518 930

320 1532 635 1594 Protendens,
660 1539 686 1561 “
702 1536 942 1600 Equidem
963 1537 1130 1596 merui,
1153 1554 1241 1586 nec
1264 1537 1534 1600 deprecor,”
1559 1533 1747 1598 inquit;

321 1599 517 1648 “Utere
538 1603 668 1650 sorte
688 1603 789 1650 tua.
859 1603 1028 1651 Miseri
1048 1605 1101 1651 te
1124 1603 1165 1651 si
1188 1618 1283 1665 qua
1302 1602 1514 1666 parentis

321 1665 537 1728 Tangere
560 1683 672 1715 cura
693 1670 868 1731 potest,
893 1669 1136 1716 oro—fuit
1159 1671 1209 1716 et
1230 1668 1324 1717 tibi
1344 1668 1456 1716 talis

321 1732 554 1780 Anchises
578 1733 999 1797 genitor—Dauni
1020 1735 1240 1783 miserere
1263 1736 1495 1793 senectae;

320 1797 392 1845 Et
414 1814 505 1857 me,
530 1814 613 1846 seu
636 1815 804 1861 corpus
828 1801 1086 1861 spoliatum
1107 1800 1288 1847 lumine
1310 1800 1476 1858 mavis,
1807 1797 1906 1847 935

320 1861 488 1910 Redde
511 1863 643 1911 meis.
712 1864 912 1923 Vicisti3
948 1868 997 1912 et
1019 1866 1204 1913 victum
1225 1866 1419 1913 tendere
1440 1862 1621 1927 palmas

321 1928 525 1975 Ausonii
545 1929 703 1977 videre
720 1949 731 1988 ;
764 1932 853 1977 tua
874 1933 947 1977 est
972 1931 1173 1978 Lavinia
1194 1931 1393 1994 conjux3

321 1993 539 2042 Ulterius
562 2010 623 2041 ne
645 1995 788 2043 tende
811 1996 979 2043 odiis.”
1051 1996 1202 2044 Stetit
1224 2013 1329 2044 acer
1349 1996 1402 2043 in
1424 1995 1568 2043 armis

322 2058 513 2118 AEneas,
535 2060 730 2108 volvens
753 2061 927 2120 oculos,
951 2061 1259 2124 dextramque
1281 2061 1532 2124 repressit;

321 2124 394 2171 Et
408 2124 512 2188 jam
527 2125 723 2189 jamque
745 2127 898 2190 magis
921 2130 1230 2176 cunctantem
1250 2127 1440 2176 flectere
1462 2142 1615 2174 sermo
1810 2125 1911 2175 940

323 2189 570 2252 Coeperat:
605 2191 770 2239 infelix
792 2193 992 2241 humero
1016 2210 1166 2257 quum
1189 2194 1407 2257 apparuit
1430 2192 1530 2240 alto

323 2254 538 2314 Balteus,
562 2258 612 2304 et
634 2258 763 2306 notis
785 2258 1022 2307 fulseer
1045 2259 1238 2323 cingula
1257 2259 1399 2307 bullis

324 2319 558 2369 Pallantis
580 2323 741 2384 pueri;
776 2324 961 2372 victum
984 2341 1126 2387 quem
1147 2326 1340 2373 vulnere
1362 2324 1554 2372 Turnus

322 2383 570 2434 Straverat
593 2390 737 2450 atque
759 2389 970 2437 humeris
991 2391 1240 2438 inimicum
1262 2391 1448 2453 insigne
1470 2389 1681 2452 gerebat.

325 2451 431 2510 Ille,
455 2452 602 2500 oculis
624 2456 880 2517 postquam
902 2455 1014 2503 saevi
1035 2459 1347 2504 monumenta
1369 2455 1542 2503 doloris
1808 2453 1906 2502 945

324 2516 628 2581 Exuviasque
650 2519 826 2579 hausit,
848 2520 982 2569 furiis
1006 2538 1242 2580 accensus,
1265 2523 1316 2569 et
1336 2521 1408 2568 ira

324 2582 595 2631 Terribilis:
632 2587 659 2609 “
678 2585 815 2633 Tune
836 2586 950 2634 hinc
974 2587 1134 2650 spoliis
1156 2587 1325 2636 indute
1346 2601 1560 2634 meorum

324 2647 542 2711 Eripiare
562 2649 685 2697 mihi
701 2649 725 2698 P
793 2651 951 2700 Pallas
967 2655 1019 2700 te
1041 2653 1133 2701 hoc
1155 2653 1362 2710 vulnere,
1386 2651 1544 2699 Pallas

323 2712 568 2773 Immolat,
592 2717 643 2762 et
664 2732 855 2778 poenam
878 2718 1104 2766 scelerato
1128 2735 1186 2766 ex
1209 2717 1439 2780 sanguine
1462 2715 1660 2764 sumit.”

323 2777 437 2826 Hoc
457 2779 631 2839 dicem,
654 2781 833 2829 ferrum
855 2783 1051 2832 adverso
1074 2785 1163 2832 sub
1185 2786 1376 2846 pectore
1398 2781 1562 2830 condit
1809 2781 1908 2828 950

324 2841 572 2892 Fervidus.
638 2845 733 2893 Ast
754 2847 827 2894 illi
849 2848 1100 2896 solvuntur
1120 2849 1296 2912 frigore
1317 2847 1545 2905 membra,

323 2905 531 2973 Vitaque
552 2926 662 2958 cum
683 2911 870 2976 gemitu
890 2913 1020 2980 fugit
1040 2913 1292 2985 indignata
1312 2914 1403 2962 sub
1423 2912 1631 2966 umbras.
