1988 3034
681 125 923 167 mos
944 125 1051 165 m·
1071 125 1195 164 vm.

142 248 305 310 Quum
326 249 465 314 pater
484 247 536 297 in
557 247 662 312 ripa
682 247 923 313 gelidique
943 247 1033 297 sub
1054 246 1248 297 aetheris
1270 262 1358 296 axe

141 316 335 375 AEneas,
356 315 490 364 tristi
509 315 734 363 turbatus
755 317 951 379 pectora
969 313 1109 374 beno,

142 381 424 442 Procubuit,
446 397 691 445 seramque
714 381 848 429 dedit
868 396 954 443 per
974 381 1191 429 membra
1210 380 1436 445 quietem.

143 448 278 497 Huic
300 449 417 496 deus
437 448 540 511 ipse
560 447 655 496 loci
675 447 822 495 fluvio
847 446 1100 494 Tiberinus
1124 463 1313 497 amoeno

143 511 380 578 Populeas
400 515 530 563 inter
551 514 707 563 senior
729 530 780 562 se
802 513 1022 562 attollere
1043 513 1236 562 frondes

141 579 318 641 Visus;
353 598 463 629 eum
483 581 644 629 tenuis
666 581 836 644 glauco
858 579 1048 627 velabat
1070 580 1254 628 amictu

146 645 397 707 carbasus,
419 649 471 695 et
493 647 645 695 crines
667 647 894 695 umbrosa
913 646 1112 709 tegebat
1134 646 1345 707 arund03

144 711 274 761 Tum
297 713 365 761 sic
387 713 535 772 affari,
558 715 610 761 et
631 729 766 761 curas
788 713 865 759 his
888 712 1076 760 demere
1098 712 1268 761 dictis:

213 782 242 805 “
262 779 306 827 Ο
328 782 431 828 sate
451 782 599 843 gente
619 779 777 837 deum,
800 778 1057 841 Trojanam
1079 794 1138 825 ex
1158 777 1380 827 hostibus
1402 779 1569 829 urbem

146 845 246 904 Qui
265 845 451 895 revehis
473 845 625 903 nobis,
647 846 921 907 aeternaque
944 843 1182 907 Pergama
1203 860 1377 907 servae,

146 911 440 977 Exspectate
462 911 563 960 solo
586 910 820 959 Laurenti
842 909 1061 974 arvisque
1083 909 1289 971 Latinis,

147 977 249 1026 Hic
268 978 363 1026 tibi
384 980 517 1027 certa
536 978 721 1036 domus,
744 977 878 1035 certi,
900 992 962 1024 ne
985 976 1177 1036 absiste,
1199 979 1424 1042 penates3

146 1043 262 1093 Neu
281 1044 396 1093 belli
415 1047 594 1094 terrere
614 1043 773 1094 minis.
842 1043 1026 1093 Tumor
1048 1044 1203 1092 omnis
1226 1046 1277 1092 et
1298 1045 1382 1094 irae

147 1109 432 1161 Concessere
452 1111 611 1160 deum.

146 1175 356 1242 Jamque
376 1177 482 1238 tibi,
505 1194 566 1226 ne
587 1194 712 1227 vana
731 1179 874 1242 putes
895 1178 1000 1227 haec
1021 1177 1203 1243 fingere
1223 1189 1460 1240 somnum,

146 1242 354 1293 Iaitoreis
375 1244 547 1309 ingens
568 1245 767 1294 inventa
788 1246 879 1294 sub
900 1244 1090 1294 ilicibus
1113 1261 1209 1306 sus,

145 1309 372 1375 Triginta
393 1311 609 1375 capitum
628 1311 757 1360 fetus
780 1312 932 1371 enixa,
947 1311 1129 1375 jacebit
1146 1331 1157 1371 ;

145 1377 287 1435 Alba,
309 1377 410 1427 solo
431 1378 678 1437 recubans,
700 1378 798 1426 albi
819 1379 995 1426 circum
1020 1378 1168 1426 ubera
1188 1378 1309 1426 nati.

146 1441 247 1491 Hic
268 1443 400 1492 locus
422 1444 555 1493 urbis
577 1444 685 1503 erit,
706 1444 893 1507 requies
915 1460 973 1492 ea
993 1448 1125 1492 certa
1143 1443 1363 1492 laborum
1384 1464 1395 1494 z

146 1507 227 1557 Ex
248 1526 344 1573 quo
364 1512 442 1559 ter
463 1510 596 1559 denis
618 1510 787 1559 urbem
810 1510 1119 1559 redeuntibus
1142 1510 1279 1558 annis

146 1574 383 1624 Ascanius
405 1576 521 1625 clari
543 1577 718 1625 condet
741 1577 1038 1640 cognominis
1061 1576 1255 1625 Albam.

145 1641 296 1690 Haud
317 1642 502 1691 incerta
523 1660 656 1691 cano.
725 1642 873 1691 Nunc
896 1659 991 1706 qua
1011 1643 1198 1691 ratione
1221 1643 1350 1707 quod
1373 1643 1528 1693 instat

144 1706 387 1772 Expedias
408 1708 578 1769 victor,
599 1708 777 1773 paucis,
800 1709 1010 1768 adverte,
1034 1709 1227 1757 docebo.

145 1775 355 1824 Arcades
376 1775 452 1823 his
475 1776 585 1835 oris,
607 1792 759 1839 genus
782 1792 812 1823 a
834 1775 1055 1824 Pallante
1076 1775 1362 1840 profectum,

145 1841 244 1900 Qui
264 1858 427 1906 regem
450 1842 733 1890 Evandrum
756 1841 971 1903 comites,
995 1842 1079 1905 qui
1102 1842 1240 1906 signa
1262 1842 1431 1903 secuti,

145 1906 379 1972 Delegere
401 1908 574 1968 locum,
597 1911 650 1957 et
670 1925 868 1972 posuere
890 1909 943 1956 in
965 1908 1212 1957 montibus
1235 1908 1419 1972 urbem,

146 1972 383 2023 Pallantis
404 1974 568 2039 proavi
592 1975 651 2023 de
672 1974 866 2024 nomine
889 1974 1224 2024 Pallanteum:

146 2038 223 2088 Hi
242 2040 422 2089 bellum
444 2041 632 2089 assidue
654 2041 842 2089 ducunt
864 2058 974 2090 cum
998 2043 1145 2104 gente
1167 2040 1376 2102 Latina;

146 2105 258 2155 Hos
280 2107 450 2156 castris
472 2107 645 2155 adhibe
667 2107 833 2167 socios,
857 2110 908 2155 et
929 2107 1108 2156 foedera
1122 2106 1291 2171 junge.

147 2170 263 2237 Ipse
284 2189 374 2238 ego
395 2176 448 2222 te
469 2173 584 2237 ripis
607 2175 659 2221 et
680 2176 812 2222 recto
835 2172 1033 2222 flumine
1055 2174 1243 2233 ducam,

148 2238 419 2288 Adversum
440 2239 584 2289 remis
607 2255 797 2303 superes
820 2239 1079 2289 subvectus
1101 2242 1160 2288 ut
1182 2255 1390 2289 amnem.

148 2304 303 2370 Surge
325 2322 429 2371 age,
451 2308 566 2355 nate
587 2305 703 2366 dea;
736 2306 997 2371 primisque
1019 2306 1301 2356 cadentibus
1323 2305 1465 2356 astris

147 2370 336 2421 Junoni
356 2372 428 2421 ser
448 2372 542 2422 rite
562 2389 740 2437 preces,
762 2373 978 2436 iramque
1000 2372 1250 2437 minasque

148 2437 453 2503 supplicibus
476 2455 647 2503 supera
667 2439 809 2488 votis.
879 2439 1011 2488 Mihi
1031 2440 1189 2489 victor
1210 2439 1441 2489 honorem

148 2502 412 2554 Persolves.
479 2505 591 2570 Ego
613 2522 736 2564 sum,
759 2505 899 2569 pleno
923 2523 1066 2570 quem
1086 2506 1287 2555 flumine
1309 2504 1462 2554 cernis

148 2569 184 2619 8
236 2571 247 2582 ‘
345 2574 482 2621 n‘oem
502 2573 646 2636 ripas,
668 2579 720 2620 ct
742 2572 942 2636 pinguia
963 2572 1096 2620 culta
1117 2573 1376 2633 secantem,

309 2653 393 2687 eus
415 2637 642 2703 Thybris,
666 2637 785 2686 coelo
808 2637 1111 2702 gratissimus
1134 2637 1303 2686 amnis.

149 2700 251 2752 Hic
271 2702 395 2752 mihi
415 2719 594 2769 magna
614 2704 801 2763 domus,
824 2703 961 2753 celsis
984 2706 1131 2769 caput
1152 2703 1366 2764 urbibus,
1388 2703 1541 2754 exit.'’

215 2767 374 2830 Dixit,
395 2769 567 2821 deinde
586 2770 695 2821 lacu
717 2770 921 2819 Fluvius
942 2787 993 2820 se
1015 2770 1232 2820 condidit
1253 2770 1368 2829 altu,

150 2830 264 2890 Im·
280 2837 468 2903 petens.
533 2836 651 2890 Nox
670 2836 860 2890 AEnean
882 2853 1175 2904 somnusque
1190 2835 1385 2905 reliquit
1405 2857 1418 2888 ι

1675 709 1740 763 35

1676 1048 1741 1095 4⁰

1679 1712 1747 1760 50

1679 2043 1745 2092 55

1680 2374 1747 2423 60
