1988 3034
805 189 852 227 1·-
875 186 1111 227 menan
1132 185 1372 226 manns

294 307 514 369 AEdibus,
537 310 588 358 et
609 306 744 357 licito
764 305 962 356 tandem
983 322 1198 357 sermone
1220 306 1462 357 fruuntur.

293 374 402 425 Rex
422 376 551 439 prior
571 375 701 423 haec:

293 442 323 469 ‘⁴
343 440 556 490 Maxime
579 441 869 487 Teucrorum
892 438 1076 499 ductor,
1099 454 1193 503 quo
1215 439 1392 503 sospite
1414 455 1659 506 nunquam

290 507 392 557 Res
415 507 634 571 equidem
656 505 812 569 Trojae
831 505 984 554 victas
1006 506 1093 553 aut
1113 521 1261 568 regna
1281 506 1484 569 fatebor,

290 573 448 623 Nobis
472 572 533 620 ad
552 570 665 620 belli
688 570 917 618 auxilium
937 587 1025 634 pro
1046 572 1239 619 nomine
1259 573 1400 619 tanto

291 638 496 702 Exiguae
517 637 654 685 vires.
724 636 856 685 Hinc
879 637 1036 684 Tusco
1059 636 1322 684 claudimur
1344 637 1491 695 amni,

288 703 424 753 Hinc
447 703 660 750 Rutulus
681 702 870 766 premit,
894 704 945 750 et
966 718 1159 749 murum
1181 701 1498 750 circumsonat
1520 703 1681 755 armis.

286 769 385 818 Sed
404 768 498 816 tibi
519 785 608 832 ego
630 768 851 832 ingentes
872 768 1071 831 populos
1095 767 1415 832 opulentaque
1434 769 1597 832 regnis

287 834 326 883 J
326 850 503 898 ungere
526 836 681 882 castra
701 849 839 896 paro:
878 849 1021 896 quam
1042 833 1138 881 fors
1159 834 1354 896 inopina
1375 833 1580 884 salutem

289 900 537 948 Ostentat.
606 899 744 946 Fatis
765 899 861 947 huc
883 901 934 947 te
955 899 1260 962 poscentibus
1282 899 1434 947 affers.

285 965 438 1015 Haud
458 964 624 1028 procul
644 964 756 1012 hinc
779 981 891 1012 saxo
912 964 1137 1012 incolitur
1158 965 1358 1012 fundata
1378 966 1573 1014 vetusto

287 1029 436 1078 Urbis
459 1030 699 1092 Agyllinae
722 1031 880 1077 sedes:
916 1030 1000 1077 ubi
1023 1030 1179 1092 Lydia
1202 1030 1440 1092 quondam

285 1094 432 1156 Gens,
453 1096 579 1144 bello
601 1095 841 1158 praeclara,
857 1095 988 1158 jugis
1010 1095 1186 1143 insedit
1209 1096 1446 1143 Etruscis.

283 1161 429 1209 Hanc
451 1160 629 1208 multos
651 1160 900 1208 florentem
922 1177 1070 1208 annos
1092 1176 1175 1208 rex
1197 1161 1367 1208 deinde
1388 1162 1593 1227 superbo

282 1226 495 1289 Imperio
518 1228 569 1274 et
591 1226 726 1274 saevis
747 1226 908 1274 tenuit
931 1225 1201 1274 Mezentius
1224 1226 1382 1274 armis.

282 1292 412 1350 Quid
433 1303 692 1341 memorem
712 1290 928 1339 infandas
952 1292 1125 1340 caedes!
1161 1291 1276 1355 quid
1296 1292 1425 1340 facta
1445 1292 1640 1356 tyranni

279 1357 470 1406 Effera!
538 1357 607 1404 Di
625 1357 774 1419 capiti
794 1357 941 1420 ipsius
963 1356 1216 1420 generique
1237 1360 1507 1408 reservent!

280 1421 483 1471 Mortua
504 1423 620 1485 quin
642 1422 788 1470 etiam
803 1423 1040 1486 jungebat
1062 1437 1256 1486 corpora
1277 1423 1414 1483 vivis,

283 1487 582 1552 Componens
605 1488 918 1551 manibusque
939 1504 1108 1535 manus
1131 1492 1275 1552 atque
1297 1489 1457 1537 oribus
1479 1505 1575 1551 ora,

280 1554 532 1601 Tormenti
552 1554 729 1617 genus!
765 1556 814 1601 et
837 1554 966 1601 sanie
987 1554 1193 1617 taboque
1214 1554 1418 1602 fluentes

281 1618 545 1682 Complexu
565 1620 618 1665 in
639 1619 811 1666 misero
833 1619 979 1681 longa
1000 1619 1068 1667 sic
1090 1621 1245 1667 morte
1267 1621 1484 1669 necabat.

279 1683 353 1731 At
375 1684 486 1732 fessi
506 1684 702 1731 tandem
725 1684 850 1732 cives
872 1684 1065 1731 infanda
1086 1684 1326 1732 furentem

278 1749 471 1796 Armati
493 1749 851 1797 circumsistunt
872 1749 1122 1812 ipsumque
1144 1750 1463 1814 domumque3

279 1814 584 1862 Obtruncant
606 1815 769 1873 socios,
793 1815 956 1878 ignem
978 1815 1039 1862 ad
1059 1814 1253 1878 fastigia
1266 1815 1473 1879 jactant.

279 1879 373 1928 Ille
394 1880 522 1928 inter
545 1881 699 1928 caedes
723 1880 1018 1928 Rutulorum
1039 1879 1224 1944 elapsus
1246 1880 1297 1928 in
1320 1896 1459 1944 agros

279 1944 561 2009 Confugere,
585 1947 636 1993 et
659 1946 811 1993 Turni
833 1946 1071 1993 defendier
1093 1946 1297 2009 hospitis
1320 1947 1477 1997 armis.

277 2010 413 2074 Ergo
436 2011 590 2059 omnis
612 2011 747 2059 furiis
771 2011 976 2059 surrexit
997 2011 1200 2059 Etruria
1212 2012 1387 2075 justis;

277 2075 466 2139 Regem
488 2076 548 2124 ad
571 2076 856 2139 supplicium
879 2077 1103 2140 praesenti
1125 2077 1289 2125 Marte
1306 2080 1577 2141 reposcunt.

277 2141 374 2188 His
398 2158 486 2205 ego
509 2144 574 2201 te,
598 2142 764 2201 AEnea,
789 2143 1036 2190 ductorem
1058 2142 1267 2191 millibus
1290 2144 1478 2191 addam.

276 2206 405 2254 Toto
429 2223 633 2269 namque
655 2208 867 2255 fremunt
890 2209 1136 2255 condensae
1151 2209 1292 2257 litore
1313 2225 1509 2272 puppes,

278 2271 517 2334 Signaque
539 2272 659 2319 ferre
674 2272 876 2334 jubent3
909 2273 1086 2320 retinet
1108 2274 1352 2336 longaevus
1374 2276 1612 2339 haruspex

278 2335 320 2383 F
323 2339 404 2384 ata
426 2352 624 2384 canens:
661 2337 703 2383 O
728 2337 947 2384 Maeoniae
970 2338 1151 2385 delecta
1166 2339 1411 2401 juventus,

1779 443 1878 491 470

1776 768 1876 819 475

1774 1099 1875 1146 480

1771 1427 1871 1475 485

1769 1754 1871 1802 490

1765 2080 1864 2129 495

277 2401 392 2450 Flos
414 2404 634 2449 veterum
655 2402 901 2465 virtusque
922 2403 1093 2461 virum,
1119 2419 1236 2464 quos
1251 2404 1414 2466 justus
1437 2405 1489 2453 in
1509 2405 1696 2456 hostem
1763 2406 1864 2456 500

277 2467 397 2515 Fert
421 2468 567 2525 dolor,
591 2469 641 2515 et
663 2468 834 2515 merita
856 2468 1070 2516 accendit
1094 2468 1365 2517 Mezentius
1386 2471 1471 2531 ira,

277 2532 418 2580 Nulli
440 2533 510 2580 fas
534 2533 662 2580 Italo
684 2535 875 2581 tantam
897 2535 1180 2597 subjungere
1203 2537 1398 2598 gentem
1413 2557 1426 2584 z

277 2597 518 2646 Externos
542 2601 706 2661 optate
729 2600 884 2647 duces.
953 2600 1080 2647 Tum
1103 2600 1311 2648 Etrusca
1331 2602 1508 2651 resedit

277 2662 390 2711 Hoc
413 2664 533 2710 acies
557 2680 737 2727 campo,
760 2665 956 2713 monitis
979 2665 1206 2713 exterrita
1227 2666 1407 2718 divum.

276 2726 391 2790 Ipse
414 2731 621 2776 oratores
646 2731 706 2776 ad
728 2747 804 2778 me
826 2732 1054 2795 regnique
1077 2747 1298 2779 coronam

277 2791 402 2840 Cum
425 2796 610 2856 sceptro
632 2795 779 2854 mis-it,
802 2797 1090 2860 mandatque
1111 2797 1319 2860 insignia
1340 2797 1576 2860 Tarchon,

278 2857 536 2909 Succedam
559 2861 739 2924 eastris,
764 2862 1103 2929 Tyrrhenaque
1124 2878 1273 2930 regna
1293 2874 1547 2931 capessam.

1761 2734 1858 2787 605
