1988 3034
631 166 871 206 mmos
892 166 998 206 m.
1019 167 1118 206 vn.

147 281 349 334 Postera
369 300 519 350 quum
538 285 695 351 prima
714 286 954 336 lustrabat
974 287 1192 352 lampade
1211 288 1366 338 terras

80 350 204 399 Orta
224 351 340 411 dies,
361 352 528 401 urbem
550 355 603 401 et
624 352 743 402 fines
764 356 816 401 et
838 353 983 402 litora
1002 355 1164 419 gentis

78 415 270 466 Diversi
292 417 570 481 explorant3
602 418 707 467 haec
727 419 876 467 fontis
899 422 1075 484 stagna
1096 417 1309 479 Numici,
1577 422 1675 470 150

78 481 229 531 Hunc
251 483 490 547 Thybrim
510 484 726 543 fluvium,
749 484 829 533 hic
851 485 1000 534 fortes
1022 486 1240 535 habitare
1262 483 1479 536 Latinos.

77 546 206 596 Tum
229 551 362 597 satus
384 550 599 598 Anchisa
620 550 830 599 delectos
853 551 1017 600 ordine
1040 553 1101 600 ab
1123 553 1257 601 omni

77 612 288 663 Centum
309 618 520 664 oratores
541 619 751 679 augusta
771 617 832 664 ad
853 618 1032 666 moenia
1051 618 1178 682 regis

77 678 157 728 Ire
170 681 328 743 jubet,
351 681 497 729 ramis
519 682 702 730 valatos
725 682 934 730 Palladis
956 700 1136 742 omnes,

0 759 1 762 ’
78 743 311 808 Donaque
331 747 453 795 ferre
474 747 592 806 viro,
614 763 872 811 pacemque
894 765 1143 812 exposcere
1166 749 1379 799 Teucris.
1578 751 1674 800 155

75 809 225 859 Haud
246 828 405 862 mora:
440 812 674 860 festinant
688 813 826 877 jussi,
849 814 1119 878 rapidisque
1139 815 1362 864 feruntur

73 875 315 926 Passibus.
383 878 495 942 Ipse
516 879 691 927 humili
713 879 934 944 designat
955 881 1135 929 moenia
1154 882 1294 941 fossa,

72 941 374 1008 Moliturque
395 944 584 1004 locum;
605 945 877 1009 primasque
898 946 951 994 in
972 947 1114 996 litore
1136 948 1284 1007 sedeS‚

71 1007 353 1058 Castrorum
372 1010 426 1059 in
446 1027 643 1070 morem,
666 1011 824 1075 pinnis
847 1015 991 1076 atque
1014 1029 1189 1078 aggere
1211 1014 1381 1078 cingit.

70 1072 279 1139 Jamque
299 1076 394 1124 iter
415 1077 607 1136 emensi,
628 1080 786 1126 turres
808 1094 863 1126 ac
885 1081 1018 1127 tecta
1039 1079 1326 1129 Latinorum
1573 1081 1674 1129 160

69 1140 238 1190 Ardua
258 1143 515 1191 cernebant
531 1143 746 1207 juveneS,
769 1161 1000 1208 muroque
1023 1146 1250 1195 subibant
1266 1168 1280 1196 ε

69 1207 202 1255 Ante
223 1208 390 1257 urbem
412 1210 547 1273 pueri
569 1212 620 1258 et
641 1210 870 1274 primaevo
891 1211 1007 1260 flore
1021 1211 1253 1277 juventus

68 1271 370 1323 Exercentur
390 1276 537 1339 equis,
561 1275 895 1340 domitantque
917 1277 969 1325 in
991 1278 1187 1342 pulvere
1209 1295 1403 1342 currus;
1499 1327 1501 1329 .

67 1339 174 1388 Aut
196 1356 325 1389 acres
347 1341 556 1390 tendunt
578 1359 729 1402 arcus,
753 1347 839 1391 aut
861 1343 995 1392 lenta
1015 1344 1206 1394 lacertis

67 1404 260 1469 Spicula
281 1410 614 1471 contorquent,
637 1426 870 1473 cursuque
891 1410 1086 1473 ictuque
1107 1410 1376 1461 lacessunt:
1570 1414 1668 1462 165

68 1470 230 1530 Quum
251 1477 519 1536 praevectus
541 1490 664 1538 equo
685 1475 891 1539 longaevi
912 1477 1039 1540 regis
1062 1476 1123 1525 ad
1146 1493 1283 1527 aures

66 1535 290 1587 Nuncius
311 1539 532 1604 ingentes
554 1541 723 1605 ignota
743 1541 794 1588 in
817 1544 951 1590 veste
972 1545 1189 1605 reportat

66 1603 331 1654 Advenisse
352 1606 493 1654 viros.
562 1606 653 1654 Ille
674 1607 805 1654 intra
825 1609 958 1655 tecta
978 1609 1139 1656 vocari

66 1667 297 1733 Imperat,
320 1674 371 1720 et
393 1671 512 1720 solio
533 1672 717 1721 medius
741 1673 956 1722 consedit
978 1674 1124 1723 avito.

64 1733 272 1784 Tectum
295 1741 570 1802 augustum,
593 1739 777 1803 ingens,
801 1742 997 1788 centum
1021 1741 1225 1792 sublime
1248 1740 1497 1807 columniS,
1562 1743 1663 1795 170

65 1799 199 1851 Urbe
221 1802 316 1851 suit
337 1821 538 1863 summa,
562 1804 818 1854 Laurentis
840 1806 974 1870 regia
996 1806 1115 1867 Pici,

65 1865 376 1918 Horrendum
398 1870 531 1918 silvis
554 1874 604 1919 et
626 1871 854 1935 religione
875 1876 1147 1936 parentum.

64 1932 166 1983 Hie
186 1940 375 1999 sceptra
396 1937 620 2001 accipere,
643 1940 694 1986 et
715 1938 894 2001 primos
917 1940 1138 1988 attollere
1159 1940 1310 1990 fasces

63 1997 281 2064 Regibus
303 2018 443 2051 omen
467 2006 598 2063 crat;
631 2003 724 2052 hoc
746 2003 840 2052 illis
864 2005 996 2053 curia
1015 2006 1268 2071 templum,

64 2064 162 2115 Hae
183 2067 328 2116 sacris
350 2068 484 2117 sedes
507 2069 686 2133 epulis;
719 2069 798 2118 hic
821 2070 968 2119 ariete
991 2086 1116 2120 caeso
1562 2073 1626 2124 17
1627 2076 1660 2124 5

63 2130 316 2196 Perpetuis
338 2133 469 2182 soliti
492 2139 651 2199 patres
674 2135 915 2185 considere
938 2138 1130 2186 mensis.

0 2205 2 2209 '
63 2196 192 2257 Quin
214 2199 361 2247 etiam
383 2203 602 2249 veterum
624 2201 802 2266 effigies
824 2219 883 2251 ex
905 2203 1070 2252 ordine
1092 2220 1291 2255 avorum

60 2264 280 2329 Antiqua
300 2282 327 2314 e
349 2266 503 2326 cedro,
527 2266 790 2331 Italusque,
812 2271 1044 2333 paterque
1067 2269 1273 2319 Sabinus

0 2348 2 2350 ’
60 2328 299 2380 vitisator
320 2348 515 2381 curvam
537 2350 729 2382 servans
752 2334 841 2382 sub
863 2334 1074 2400 imagine
1097 2336 1285 2397 falcem,

60 2394 389 2462 Saturnusque
411 2414 568 2458 senex,
593 2398 629 2447 J
631 2399 801 2464 anique
824 2401 1048 2450 bifrontis
1071 2402 1247 2467 imago,
1557 2404 1657 2453 180

59 2459 313 2512 vestibulo
335 2463 619 2525 adstabant3
653 2465 824 2529 aliique
847 2467 907 2515 ab
930 2467 1114 2532 origine
1137 2485 1288 2534 reges,

59 2524 336 2593 Martiaque
357 2530 420 2579 ob
441 2531 647 2595 patriam
669 2532 928 2596 pugnando
950 2533 1150 2582 vulnera
1171 2535 1313 2598 passi.

58 2591 314 2660 Multaque
334 2600 564 2660 proeterea
584 2598 727 2646 sacris
749 2598 799 2646 in
821 2598 1039 2661 postibus
1062 2615 1209 2662 arma,

0 2709 8 2723 ‚
58 2657 251 2724 Captivi
273 2662 483 2726 pendent
505 2680 685 2723 currus,
709 2680 956 2727 curvoeque
980 2681 1181 2726 secureS,

58 2722 132 2774 Et
150 2725 312 2776 cristae
333 2728 562 2792 capitum,
586 2732 638 2779 et
660 2732 910 2794 portarum
933 2730 1153 2795 ingentia
1174 2730 1397 2796 claustra,
1555 2734 1654 2786 185

57 2789 354 2855 Spiculaque,
376 2793 620 2859 clipeique,
643 2798 898 2860 ereptaque
920 2800 1077 2846 rostra
1097 2798 1284 2850 carinis.

60 2854 173 2922 Ipse
194 2856 431 2919 Quirinali
453 2859 576 2911 lituo
598 2877 837 2928 parvaque
859 2861 1056 2913 sedebat
