1988 3034
683 136 927 177 ”EIDOS
949 139 1055 175 m.
1076 138 1128 175 1.

110 257 235 308 Tros
255 255 532 307 Rutulusve
554 256 674 316 fuat,
696 258 831 307 nullo
852 257 1123 307 discrimine
1144 255 1358 318 habebo;

110 324 207 373 Seu
226 324 340 372 fatis
362 323 545 372 Italum
567 326 724 372 castra
744 324 987 372 obsidione
1007 326 1251 383 tenentur,

109 388 221 438 Sive
242 405 398 438 errore
418 390 545 438 malo
567 389 723 454 Trojae
744 390 1033 452 monitisque
1055 390 1276 438 sinistris.

108 454 216 503 Nec
238 454 451 503 Rutulos
472 455 619 504 solvo.
689 456 787 503 Sua
807 455 976 519 cuique
998 471 1164 503 exorsa
1183 456 1395 504 laborem

109 519 470 585 Fortunamque
490 521 660 569 ferent.
727 520 836 569 Rex
858 521 1054 584 Jupiter
1074 522 1295 570 omnibus
1315 522 1459 569 idem.

109 584 238 634 Fata
255 586 384 635 viam
404 586 699 635 invenient.”
769 587 931 651 Stygii
952 603 1036 650 per
1055 587 1255 635 flumina
1274 587 1452 648 statriS,

108 649 206 700 Per
226 651 331 715 pice
350 654 589 700 torrentes
611 655 808 715 atraque
828 653 1054 715 voragine
1075 653 1201 716 ripas

104 717 312 775 Annuit,
334 721 386 766 et
406 721 569 766 totum
591 721 715 765 nutu
738 718 1005 766 tremefecit
1027 718 1304 781 Olympum.

106 781 209 831 Hie
229 783 338 830 finis
361 783 506 831 sandi.
575 783 703 830 Solio
724 786 835 830 tum
857 782 1054 845 Jupiter
1075 799 1216 831 aureo

105 847 291 912 Surgit,
311 848 539 896 coelicolae
560 848 772 896 medium
792 864 935 910 quem
956 848 1018 895 ad
1036 848 1204 896 limina
1224 849 1424 898 ducunt.

171 912 368 962 Interea
388 913 564 962 Rutuli
585 913 737 977 portis
760 913 941 961 circum
962 914 1185 962 omnibus
1206 912 1413 963 instant'

105 978 329 1028 Sternere
349 979 478 1027 caede
499 979 640 1038 viros,
664 982 715 1027 et
736 979 915 1027 moenia
935 979 1125 1043 cingere
1147 980 1368 1029 flammis.

103 1045 179 1094 At
198 1044 324 1109 legio
346 1044 616 1093 AEneadum
637 1045 774 1093 vallis
796 1045 986 1093 obsessa
1005 1048 1202 1094 tenetur
1219 1066 1232 1105 ς

105 1109 214 1159 Nec
234 1126 342 1174 spes
362 1110 462 1158 ulla
481 1110 624 1175 fugae.
696 1111 867 1159 Miseri
888 1114 1023 1159 stant
1044 1112 1258 1160 turribus
1280 1111 1392 1161 altis

105 1175 460 1240 Nequidquam,
482 1179 534 1224 et
554 1193 661 1225 rara
681 1193 844 1225 muros
867 1177 1053 1226 cinxere
1076 1194 1273 1226 corona:

105 1241 254 1290 Asius
276 1240 580 1302 Imbrasides,
602 1242 1011 1306 Hicetaoniusque
1034 1243 1333 1307 Thymoetes,

104 1307 419 1370 Assaracique
439 1307 550 1366 duo,
573 1310 626 1356 et
646 1308 804 1357 senior
826 1325 937 1357 cum
959 1308 1159 1358 Castore
1181 1307 1459 1374 Thymbris,

106 1370 274 1421 Prima
293 1373 431 1421 acies.
498 1373 608 1422 Hos
630 1375 846 1438 germani
868 1375 1151 1438 Sarpedonis
1173 1376 1329 1434 ambo,

105 1437 179 1486 Et
200 1437 369 1487 Clarus
390 1441 442 1487 et
464 1438 699 1498 Themon,
722 1439 874 1503 Lycia
894 1440 1188 1489 comitantur
1210 1442 1271 1490 ab
1293 1441 1406 1490 alta.

106 1502 228 1552 Fert
248 1503 419 1568 ingens
440 1507 558 1580 toto·
572 1505 803 1553 connixus
825 1522 1019 1570 corpore
1041 1523 1223 1566 saxum,

105 1567 466 1683 Haudcpartem
486 1586 708 1635 exiguam
729 1571 924 1631 montis,
947 1571 1231 1635 Lyrnessius
1254 1571 1460 1632 Acmon,

103 1633 213 1684 Nee
292 1635 399 1699 ytio
713 1637 723 1647 ⁰

420 1635 638 1699 genitore
660 1653 829 1696 mmor,
852 1654 939 1685 nec
960 1637 1108 1686 fratre
1132 1637 1433 1687 Menestheo.

104 1697 182 1749 Hi
205 1700 381 1759 'sculis,
403 1700 475 1749 illi
495 1705 684 1750 certant
706 1702 955 1751 defendere
977 1703 1116 1763 saxis,

105 1717 366 1829 liniis-ique
386 1767 564 1831 ignem,
586 1784 824 1831 nervoque
847 1771 1011 1832 aptare
1033 1769 1252 1833 sagittas.

106 1829 222 1945 Iffi
240 1831 370 1880 inter
389 1832 585 1893 medios,
607 1833 806 1883 Veneris
820 1834 1090 1899 justissima
1111 1852 1238 1894 cura,

306 1897 379 1946 'us
399 1901 545 1962 caput
565 1915 672 1948 ecce
693 1916 813 1963 puer
834 1900 1051 1949 detectus
1074 1901 1350 1960 honestum,

0 2006 7 2011 .
107 1961 274 2023 Qualis
505 1965 668 2024 micat,
690 1965 878 2013 fulvum
900 1982 1005 2028 quae
1030 1966 1204 2014 dividit
1227 1982 1414 2027 aurum,

105 2027 214 2077 Aut
234 1979 356 2078 cofio
378 2029 520 2078 decus
542 2033 629 2078 aut
651 2030 798 2094 capiti
817 2051 830 2088 ;
862 2030 939 2078 vel
961 2031 1100 2093 quale
1122 2047 1206 2096 per
1228 2034 1384 2082 artem

107 2090 358 2143 Inclusum
379 2094 522 2153 buxo,
544 2099 630 2143 aut
653 2095 812 2143 Oricia
832 2096 1122 2156 terebintho,

0 2198 4 2203 .
108 2157 265 2208 Lucet
286 2160 431 2219 ebur3
463 2160 594 2209 fusos
615 2161 774 2210 cervix
794 2162 871 2210 cui
892 2161 1050 2211 lactea
1069 2162 1223 2211 crines

107 2225 303 2289 Accipit
323 2229 375 2274 et
396 2226 528 2275 molli
550 2227 834 2276 subnectens
857 2227 1059 2276 circulus
1082 2245 1212 2277 auro.

107 2288 181 2339 'l'e
201 2306 389 2356 quoque
411 2292 730 2356 magnanima
750 2293 989 2353 viderunt,
1013 2294 1211 2354 Ismare,
1234 2296 1404 2360 gentes

107 2352 322 2405 Vulnera
342 2356 543 2422 dirigere
565 2361 618 2407 et
639 2358 842 2407 calamos
865 2376 1047 2409 armare
1069 2376 1268 2420 veneno,

108 2417 323 2471 fluonia
341 2438 566 2487 generose
588 2423 758 2474 domo.-
791 2425 876 2473 ubi
897 2425 1095 2490 pinguia
1116 2426 1248 2475 culta

109 2484 325 2536 Exercen
381 2503 443 2537 ue
463 2489 568 2548 viri,
592 2488 911 2555 Pactolusque
931 2491 1102 2555 irrigat
1124 2508 1255 2541 auro.

109 2551 271 2602 Affuit
290 2555 342 2602 et
455 2555 663 2614 estheus,
686 2572 826 2618 quem
849 2555 973 2620 pulsi
994 2557 1198 2621 pristina
1218 2555 1372 2605 Turni

323 2635 581 2670 moerorum
602 2620 853 2669 sublimem
875 2621 1028 2686 gloria
1048 2621 1196 2681 tollit,

110 2680 186 2733 Et
205 2682 390 2760 Capys:
423 2685 537 2736 hinc
557 2703 730 2736 nomen
756 2686 1013 2752 Campanis
1036 2687 1229 2737 ducitur
1249 2687 1371 2738 urbi.

178 2747 260 2797 mi
280 2752 409 2799 mter
427 2766 529 2803 sese
550 2752 658 2802 duri
679 2753 941 2802 certamina
960 2753 1072 2802 belli

112 2811 457 2873 costuma
489 2818 646 2880 medis
666 2818 841 2870 AEneas
861 2820 987 2871 freta
1005 2820 1148 2872 nocto
1167 2817 1373 2885 “9me.

1605 387 1706 439 110

1605 719 1704 768 115

1605 1045 1705 1095 120

1604 1374 1703 1423 125

1604 1703 1704 1752 130

1605 2032 1703 2081 1:35

1604 2361 1704 2411 140

1602 2691 1700 2751 145
