1988 3034
805 138 852 176 1³.
875 132 1111 175 vmmm
1131 127 1372 173 momb

292 257 522 311 Condidit
544 256 828 323 assurgenti,
851 258 903 306 et
924 255 1083 305 multa
1102 255 1263 306 morte
1283 253 1480 319 recepit.

290 327 590 392 Purpuream
611 324 767 374 vomit
786 323 867 373 ille
890 324 1114 383 animam,
1136 324 1188 371 et
1209 338 1322 371 cum
1343 317 1576 385 sanguine
1599 318 1752 371 mixta

289 393 418 442 Vina
437 394 583 442 refert
605 390 840 450 moriens;
872 389 952 439 hic
973 390 1105 437 furto
1126 387 1336 436 fervidus
1358 387 1528 436 instat.
1782 386 1882 435 350

290 459 502 523 Jamque
524 458 585 507 ad
607 457 820 520 Messapi
842 456 990 504 socios
1013 453 1257 514 tendebat,
1280 453 1366 502 ubi
1385 454 1550 517 ignem

290 526 506 574 Deficere
529 526 810 584 extremum,
834 525 884 570 et
905 522 1142 585 relegatos
1163 520 1256 568 rite
1277 519 1472 567 videbat

291 590 494 655 Carpere
516 606 714 654 gramen
736 604 906 652 equos:
941 586 1153 636 breviter
1174 602 1284 634 cum
1306 585 1425 633 talia
1445 585 1680 649 Nisus‚—-

291 657 451 706 Sensit
474 657 603 705 enim
623 655 774 703 nimia
795 653 926 702 caede
948 655 1094 717 atque
1117 651 1338 716 cupidine
1359 650 1539 699 ferri—

290 725 319 750 “
332 721 689 781 Absistamus‚’'
715 721 783 768 ait
798 741 812 768 ε
847 722 875 746 “
892 736 1007 768 nam
1027 719 1112 767 lux
1131 717 1326 766 inimica
1346 716 1650 781 propinquat·
1783 716 1882 764 355

290 788 552 837 Poenarum
574 787 862 836 exhaustum
885 785 1001 833 satis
1024 787 1126 843 est3
1161 783 1240 831 via
1259 783 1389 831 facta
1409 799 1494 847 per
1514 782 1730 831 hostes.’'

290 854 456 903 Multa
475 854 635 902 virum
657 852 806 900 solido
830 853 1030 916 argento
1053 849 1264 914 perfecta
1284 849 1564 913 relinquunt

289 921 549 984 Armaque,
573 920 871 982 craterasque
894 917 1052 975 simul,
1074 915 1392 980 pulchrosque
1414 917 1618 979 tapetas,

288 986 531 1050 Euryalus
554 985 770 1048 phaleras
792 983 1082 1032 Rhamnetis
1104 984 1155 1031 et
1177 997 1319 1030 aurea
1339 980 1486 1030 bullis

291 1051 512 1116 Cingula,
536 1051 730 1100 Tiburti
752 1050 960 1098 Remulo
985 1048 1248 1097 ditissimus
1271 1047 1388 1096 olim
1785 1047 1883 1093 360

290 1118 407 1177 Quae
429 1117 588 1166 mittit
611 1117 748 1177 dona,
771 1115 981 1180 hospitio
1005 1131 1155 1178 quum
1170 1114 1398 1178 jungeret
1421 1109 1604 1170 absens,

291 1183 535 1244 Caedicus3
567 1182 648 1231 ille
671 1199 756 1230 suo
778 1182 984 1230 moriens
1009 1183 1092 1229 dat
1114 1181 1288 1228 habere
1310 1178 1475 1243 nepoti
1494 1199 1507 1239 3

289 1248 412 1298 Post
434 1251 643 1298 mortem
664 1248 788 1296 bello
814 1247 991 1295 Rutuli
1012 1262 1268 1311 pugnaque
1289 1245 1464 1310 potiti:

289 1315 413 1363 Haec
434 1315 577 1379 rapit,
599 1317 744 1378 atque
765 1313 977 1361 humeris
999 1312 1321 1375 nequidquam
1342 1310 1548 1359 fortibus
1571 1310 1722 1373 aptat,

289 1381 419 1429 Tum
441 1381 630 1445 galeam
651 1380 862 1443 Messapi
883 1379 1093 1427 habilem
1118 1377 1370 1440 cristisque
1391 1377 1610 1425 decoram
1785 1377 1882 1424 365

290 1446 477 1496 Induit.
547 1446 804 1494 Excedunt
828 1445 1010 1503 castris,
1035 1445 1086 1492 et
1106 1446 1220 1491 tuta
1240 1443 1509 1507 capessunt.

355 1513 552 1562 Interea
572 1511 808 1576 praemissi
831 1511 1013 1574 equites
1037 1527 1094 1558 ex
1116 1509 1233 1557 urbe
1255 1508 1448 1568 Latina,

289 1577 464 1627 Cetera
485 1579 602 1626 dum
623 1577 748 1641 legio
772 1577 950 1640 campis
973 1577 1211 1624 instructa
1231 1577 1464 1637 moratur,

289 1644 453 1704 Ibant,
477 1646 528 1693 et
551 1644 715 1691 Turno
737 1643 862 1707 regis
885 1658 1110 1706 responsa
1131 1641 1363 1700 ferebant,

289 1710 596 1770 Tercentum,
620 1709 800 1758 scutati
822 1725 986 1756 omnes
1007 1707 1265 1755 Volscente
1286 1704 1536 1770 magistro.
1785 1704 1848 1753 37
1851 1707 1884 1752 O

289 1775 498 1840 Jamque
518 1774 902 1839 propinquabant
926 1775 1108 1832 castris,
1131 1788 1388 1835 murosque
1410 1770 1652 1829 subibant,

290 1842 452 1901 Quum
473 1842 640 1906 procul
661 1842 750 1889 hos
772 1841 889 1888 laevo
911 1841 1159 1888 flectentes
1181 1838 1338 1886 limite
1361 1839 1595 1899 cernunt;

289 1907 362 1955 Et
384 1908 520 1971 galea
543 1907 814 1971 Euryalum
835 1905 1068 1954 sublustri
1088 1904 1245 1953 noctis
1265 1904 1318 1952 in
1339 1902 1512 1952 umbra

291 1973 514 2022 Prodidit
536 1973 879 2032 immemorem,
902 1972 1138 2035 radiisque
1161 1971 1358 2019 adversa
1376 1968 1581 2018 refulsit.

290 2038 443 2088 Haud
457 2042 638 2088 temere
652 2041 726 2087 est
739 2038 912 2087 visum.
948 2036 1228 2086 Conclamat
1244 2037 1304 2084 ab
1317 2036 1509 2100 agmine
1520 2031 1768 2083 Volscens:
1783 2034 1846 2082 37
1850 2035 1880 2082 5

292 2109 318 2130 “
334 2105 486 2166 State,
508 2105 600 2153 viri
620 2125 631 2163 ;
667 2121 775 2168 quae
801 2120 943 2152 causa
963 2102 1100 2152 viae?
1135 2102 1276 2166 quive
1298 2102 1414 2151 estis
1435 2101 1489 2149 in
1510 2100 1653 2149 armis
1673 2098 1697 2152 Ρ

291 2171 458 2229 Quove
479 2170 657 2218 tenetis
680 2171 774 2218 iter
791 2169 848 2218 ?''
885 2169 1027 2216 Nihil
1047 2168 1118 2216 illi
1139 2169 1334 2216 tendere
1357 2170 1553 2231 contra5

291 2237 386 2284 Sed
408 2236 608 2284 celerare
630 2236 798 2298 fugam
820 2234 871 2281 in
896 2235 1053 2293 silvas,
1076 2236 1127 2282 et
1149 2234 1293 2282 fidere
1314 2234 1464 2283 nocti.

292 2302 539 2365 Objiciunt
562 2301 745 2365 equites
769 2317 869 2348 sese
892 2300 954 2348 ad
976 2299 1182 2348 divortia
1201 2302 1321 2347 nota

291 2367 426 2415 Hinc
449 2369 592 2431 atque
614 2367 742 2426 hinc,
765 2381 1049 2429 omnemque
1071 2365 1257 2413 abitum
1280 2362 1480 2413 custode
1501 2363 1744 2415 coronant.
1782 2365 1882 2411 380

292 2433 423 2481 Silva
444 2433 555 2493 fuit,
577 2431 675 2481 late
698 2432 855 2480 dumis
880 2434 1025 2495 atque
1046 2430 1152 2479 ilice
1173 2430 1314 2494 nigra

290 2499 517 2558 Horrida,
543 2515 688 2562 quam
712 2497 847 2546 densi
869 2496 1163 2561 complerant
1191 2496 1403 2560 undique
1426 2497 1615 2559 sentes3

291 2564 423 2612 Rara
443 2582 527 2628 per
550 2565 760 2613 occultos
782 2564 974 2613 lucebat
997 2562 1168 2611 semita
1189 2562 1345 2611 calles.

292 2630 564 2694 Euryalum
585 2631 794 2679 tenebrae
814 2646 1056 2679 ramorum
1079 2644 1366 2691 onerosaque
1386 2627 1544 2691 praeda

292 2694 589 2759 Impediunt,
610 2696 830 2760 fallitque
851 2698 998 2745 timor
1019 2695 1211 2760 regione
1232 2695 1433 2742 viarum.
1780 2695 1880 2745 385

292 2760 444 2809 Nisus
466 2760 594 2809 abit:
622 2762 817 2826 jamque
838 2763 1114 2826 imprudens
1135 2762 1348 2810 evaserat
1367 2759 1548 2822 hosteS‚

295 2827 459 2894 Atque
480 2827 625 2888 lacus,
650 2828 733 2892 qui
753 2831 864 2896 post
886 2829 1027 2879 Albae
1051 2828 1110 2879 de
1130 2827 1323 2878 nomine
1343 2825 1464 2876 dieti
