1988 3034
696 151 936 191 AENBIDOS
958 152 1064 189 m.
1085 152 1186 190 vn.

144 272 327 324 Indicit
346 272 514 338 primis
528 273 778 338 juvenum,
801 276 852 323 et
866 273 1008 338 jubet
1030 288 1163 321 arma
1182 272 1354 336 parari,

141 339 314 389 'sntari
336 339 546 397 Italiam,
568 339 820 388 detrudere
842 340 1018 387 finibus
1039 339 1259 399 hostem3

141 404 205 454 Se
226 406 343 454 satis
365 405 596 453 ambobus
618 405 906 467 Teucrisque
927 405 1088 453 venire
1110 404 1408 467 Latinisque.

141 471 267 520 Haee
288 471 372 519 ubi
394 471 524 519 dicta
545 471 693 529 dedit,
716 471 943 532 divosque
966 471 1016 518 in
1040 474 1155 519 vota
1175 471 1392 520 vocavit=

141 536 378 586 Certatim
399 553 500 586 saee
522 536 698 584 Rutuli
718 537 1036 585 exhortantur
1055 537 1107 584 in
1129 554 1275 586 arma.

141 603 292 652 Hunc
313 603 456 652 decus
479 604 727 668 egregium
749 603 914 652 formae
936 606 1099 651 movet
1122 606 1267 666 atque
1280 603 1525 667 juveutoe3

140 669 292 718 Hunc
313 670 444 717 atavi
465 686 615 732 regeS,
637 670 767 718 hunc
789 669 928 718 claris
950 669 1146 717 dextera
1166 669 1321 718 factis.

205 735 340 783 Dum
362 735 555 784 Turnus
577 735 788 783 Rutulos
810 735 981 782 animis
1005 735 1261 783 audacibus
1282 734 1468 800 implet,

138 800 328 850 Allecto
349 801 403 849 ir.
426 801 632 849 Teucros
655 801 840 865 Stygiis
863 817 913 849 se
936 800 1148 848 concitat
1170 800 1272 848 alis.

138 868 262 916 Arte
282 884 408 916 nova
429 867 672 931 speculata
692 866 865 925 locum,
890 883 984 929 quo
1006 866 1149 914 litore
1170 865 1370 930 pulcher

137 933 335 981 Insidiis
357 949 590 996 cursuque
610 933 733 981 feras
755 932 972 996 agitabat
996 932 1147 991 Iulus,

138 999 238 1048 Hic
260 999 470 1047 subitam
492 999 688 1047 canibus
710 999 890 1047 rabiem
914 998 1118 1062 Cocytia
1138 998 1276 1063 virgo

138 1064 334 1130 Objicit,
356 1068 407 1115 et
429 1068 547 1114 noto
569 1082 706 1113 nares
729 1065 972 1129 contingit
994 1065 1151 1123 odore,
1231 1087 1242 1095 -

136 1130 212 1179 Ut
233 1147 428 1181 cervum
449 1131 671 1180 ardentes
693 1134 922 1195 agerent:
959 1147 1067 1194 quae
1087 1132 1244 1195 prima
1263 1129 1483 1180 laborum

137 1196 293 1245 Causa
313 1197 422 1256 fuit,
444 1197 661 1261 belloque
683 1198 868 1246 animos
891 1197 1108 1245 accendit
1130 1200 1358 1261 agrestes.

135 1262 318 1312 Cervus
340 1266 444 1312 erat
466 1264 620 1311 forma
640 1264 892 1327 praestanti
914 1266 966 1311 et
988 1263 1209 1312 cornibus
1231 1264 1418 1328 ingens,

134 1328 238 1393 Tyr
240 1329 389 1377 rhidae
410 1330 545 1394 pueri
566 1346 709 1394 quem
730 1330 900 1378 matris
924 1330 983 1378 ab
1005 1330 1148 1378 ubere
1171 1333 1366 1393 raptum

134 1394 420 1455 Nutribant‚
444 1395 782 1459 Tyrrheusque
804 1399 955 1460 pater,
979 1396 1056 1443 cui
1077 1396 1210 1459 regia
1229 1397 1402 1460 parent

134 1461 386 1520 Armenta,
408 1464 460 1510 et
480 1462 580 1510 late
602 1462 821 1510 custodia
843 1462 1024 1510 credita
1045 1462 1215 1525 campi.

134 1527 436 1576 Assuetum
421 1527 632 1592 lmperiis
654 1544 788 1576 soror
803 1528 935 1577 omni
958 1527 1106 1575 Silvia
1128 1544 1243 1576 cura

135 1592 370 1642 Mollibus
391 1593 609 1642 intexens
632 1595 834 1643 ornabat
856 1610 1034 1642 cornua
1055 1594 1214 1652 certis,
1350 1614 1355 1619 ·

134 1658 461 1724 Pectebatque
482 1660 651 1719 ferum,
672 1676 885 1724 puroque
906 1660 959 1708 in
981 1659 1115 1708 sonte
1138 1658 1346 1708 lavabat.

133 1723 228 1774 Ille
250 1741 447 1774 manum
470 1726 671 1790 patiens,
694 1741 964 1789 mensaeque
986 1728 1204 1774 assuetus
1227 1725 1381 1785 herili,

134 1790 343 1840 Errabat
364 1792 524 1851 silvis;
556 1808 812 1856 rursusque
835 1792 896 1840 ad
917 1792 1085 1840 limina
1106 1795 1226 1841 nota

132 1855 247 1920 Ipse
259 1857 455 1906 domum
472 1874 577 1907 sera
597 1858 815 1922 quamvis
837 1875 887 1907 se
909 1861 1051 1907 nocte
1074 1858 1273 1908 ferebat.

133 1921 284 1973 Hunc
305 1924 471 1988 procul
492 1927 732 1973 errantem
754 1925 933 1973 rabidae
954 1924 1175 1973 venantis
1200 1924 1298 1972 Iuli

132 1987 445 2040 Commovere
466 2006 620 2050 canes,
642 1991 790 2039 fluvio
812 2007 960 2054 quum
983 1991 1108 2039 forte
1131 1990 1340 2039 secundo

131 2053 394 2115 Deflueret,
415 2056 611 2121 ripaque
633 2060 778 2105 aestus
798 2057 1036 2104 viridante
1057 2056 1252 2105 levaret.

131 2119 246 2186 Ipse
267 2122 431 2181 etiam,
453 2122 640 2171 eximie
661 2122 814 2170 laudis
837 2138 1090 2171 succensus
1112 2138 1287 2181 amore,

130 2187 367 2236 Ascanius
389 2203 535 2237 curvo
558 2188 733 2237 direxit
755 2187 937 2252 spicula
958 2204 1134 2238 cornu·

129 2251 239 2303 Neo
259 2253 442 2303 dextrae
464 2254 644 2303 erranti
665 2205 811 2303 deussp
803 2254 952 2303 afuit.
988 2257 1187 2331 actaque
1209 2253 1365 2303 multo

130 2317 317 2383 Perque
339 2322 531 2369 uterum
554 2320 718 2369 sonitu
738 2336 915 2385 perque
936 2320 1020 2369 ilia
1040 2320 1175 2369 venit
1198 2321 1394 2369 arundo.

128 2383 328 2434 Saucius
357 2388 410 2433 at
434 2386 702 2450 quadrupes
723 2390 843 2435 nota
862 2387 993 2435 intra
1013 2389 1146 2435 tecta
1167 2386 1363 2451 refugit,

126 2449 460 2515 Successitque
481 2468 678 2516 gemens
700 2452 917 2512 stabulis,
941 2456 1207 2516 questuque
1229 2454 1457 2502 cruentus

125 2517 294 2581 Atque
313 2517 591 2583 imploranti
614 2518 783 2567 similis
804 2521 992 2568 tectum
1014 2535 1156 2568 omne
1178 2518 1407 2583 replebat.

126 2581 278 2632 Silvia
296 2599 453 2648 pnma
472 2599 618 2644 soror,
675 2584 813 2633 almis
834 2601 1055 2649 percussa
1075 2585 1294 2644 lacertos,

124 2649 376 2699 Auxilium
397 2653 541 2700 vocat
562 2653 614 2700 et
605 2601 727 2699 gur
727 2650 1071 2700 osconclamat
1093 2652 1320 2728 agrestes.

126 2713 239 2775 Olli,
260 2714 411 2780 pectis
431 2716 561 2765 enim
581 2717 746 2766 tacitis
727 2667 890 2765 oslatet
912 2732 1078 2780 aspera
1098 2715 1245 2776 silvis,

124 2778 387 2858 Improviti
407 2781 612 2833 adsunt·
646 2781 726 2832 hic
747 2786 878 2832 torre
900 2786 1115 2831 armatus
1136 2782 1326 2842 obusto,

123 2844 320 2930 ‚stipitis
340 2846 421 2902 hio
440 2848 631 2931 gravidi
648 2848 815 2907 nodia:
850 2848 979 2921 quod
1000 2848 1169 2920 cuique
1189 2848 1435 2923 repertum

1639 405 1743 456 4⁷0

1639 736 1740 784 475

1637 1066 1739 1114 480

1637 1395 1738 1444 485

1636 1726 1739 1775 490

1634 2058 1734 2107 495

1631 2388 1732 2437 500
