1988 3034
653 121 895 161 mofl
915 122 1022 160 m.
1043 122 1119 161 Β.

91 239 331 292 Proteum
352 240 527 292 armati
545 240 808 293 ineedunt:
842 259 962 308 quos
983 240 1139 293 omnis
1160 241 1330 293 euntes

91 308 365 358 Primorum
386 324 558 357 manus
580 308 643 357 ad
662 312 827 372 portas
841 310 1169 374 juvenumque
1190 323 1452 375 senumque

89 372 406 439 Prosequitur
424 373 567 423 votis.
634 374 742 424 Nee
763 392 862 424 non
884 378 935 424 et
956 375 1154 439 pulcher
1176 373 1328 432 Iulus,
1586 373 1688 423 810

2 467 7 477 ·
89 441 223 489 Ante
245 457 394 488 annos
416 440 722 506 animumque
744 458 914 506 gerens
936 457 1192 506 curamque
1212 440 1414 501 virilem,

0 506 9 538 ³
90 505 257 555 Multa
275 506 403 571 patri
424 507 660 570 portanda
681 508 827 556 dabat
848 508 1088 556 mandata.
1158 507 1253 556 Sed
1273 523 1400 556 aurae

0 581 2 587 '
91 572 269 621 Omnia
288 573 576 637 discerpunt,
599 576 651 621 et
672 574 879 622 nubibus
900 574 1039 622 irrita
1059 574 1257 622 donant.

158 638 355 702 Egroeei
376 642 604 703 superant
626 639 789 699 fossas,
812 640 1060 703 noctisque
1082 657 1168 704 per
1187 639 1409 688 umbram

90 702 263 753 Castra
283 705 476 753 inimica
497 708 686 767 petunt,
708 706 876 753 multis
900 708 1063 753 tamen
1086 708 1199 753 ante
1221 705 1376 753 futuri
1586 702 1685 753 315

89 769 274 819 Exitio.
342 770 529 819 Passim
550 787 719 819 somno
742 770 1054 834 vinoqueper
1075 771 1288 819 herbam.

90 835 304 901 Corpora
323 837 432 885 fusa
449 835 631 895 vident,
654 839 863 885 arrectos
885 836 1026 885 litore
1049 853 1229 895 currus,

90 901 232 951 Inter
252 902 356 951 lora
374 905 598 966 rotasque
620 902 762 961 viros,
785 902 929 950 simul
952 919 1086 951 arma
1099 903 1272 967 jacere,

89 967 219 1017 Vina
240 968 397 1017 simul.
466 967 607 1016 Prior
630 968 922 1033 Hyrtacides
945 969 1013 1017 sie
1035 985 1115 1018 ore
1137 969 1328 1018 loeutus
1350 989 1361 1016 :

90 1034 360 1098 “Euryale,
381 1034 652 1083 audendum
675 1035 856 1084 dextra.
925 1035 1072 1084 Nune
1094 1035 1199 1099 ipsa
1218 1036 1360 1084 vocat
1382 1050 1473 1083 res.
1585 1033 1689 1082 320

90 1100 203 1150 Hae
224 1101 319 1149 iter
340 1103 429 1149 est.
497 1100 589 1159 Tu,
612 1117 672 1149 ne
694 1118 788 1166 qua
809 1118 980 1150 manus
1003 1118 1053 1150 se
1075 1101 1295 1150 attollere
1318 1100 1456 1150 nobis

90 1168 140 1215 A
162 1170 300 1231 tergo
322 1167 489 1231 possit,
512 1168 702 1215 custodi
724 1171 774 1216 et
797 1168 989 1217 consule
1010 1168 1168 1233 longe.

91 1232 215 1282 Haec
237 1249 328 1299 ego
348 1236 489 1282 vasta
509 1233 646 1293 dabo,
669 1236 720 1282 et
742 1234 842 1283 lato
864 1237 916 1283 te
937 1234 1093 1283 limite
1116 1233 1339 1284 ducam.”

92 1298 174 1348 sic
196 1302 447 1359 memorat,
468 1315 727 1364 vocemque
748 1301 954 1365 premit;
988 1301 1131 1349 simul
1153 1317 1263 1349 ense
1285 1298 1543 1364 superbum

91 1363 419 1415 Rhamnetem
440 1365 736 1430 aggreditur,
760 1366 843 1430 qui
864 1367 989 1415 forte
1011 1367 1255 1430 tapetibus
1278 1367 1390 1416 altis
1587 1361 1687 1414 325

91 1430 386 1481 Exstruetus
407 1434 516 1480 toto
537 1432 772 1494 proflabat
793 1435 985 1496 pectore
1007 1449 1230 1481 somnum
1247 1453 1259 1492 ;

92 1496 202 1547 Bex
220 1497 365 1557 idem,
387 1499 439 1546 et
460 1497 564 1562 regi
585 1497 751 1547 Turno
774 1498 1076 1563 gratissimus
1100 1515 1283 1564 augur:

93 1563 191 1613 Sed
210 1580 308 1612 non
331 1563 532 1628 augusto
553 1564 716 1628 potuit
738 1564 968 1628 depellere
990 1566 1192 1629 pestem.

91 1629 212 1680 Tres
225 1629 371 1695 juxta
390 1629 595 1678 famulos
616 1632 797 1679 temere
819 1630 948 1679 inter
969 1631 1068 1680 tela
1081 1631 1312 1696 jacenteS,

94 1696 498 1761 Armigerumque
519 1695 664 1744 Remi
684 1696 875 1761 premit,
898 1697 1206 1762 aurigamque
1228 1697 1319 1746 sub
1339 1694 1455 1762 ipsis
1588 1695 1691 1745 830

91 1761 283 1811 Nactus
304 1761 465 1827 equis3
498 1762 715 1826 ferroque
738 1766 869 1811 secat
890 1763 1150 1827 pendentia
1171 1763 1308 1813 colla.
1638 1769 1644 1775 ’

92 1827 222 1877 Tum
244 1830 390 1893 eaput
410 1827 502 1893 ipsi
525 1828 681 1877 aufert
703 1828 897 1879 domino
919 1832 1239 1895 truncumque
1261 1827 1490 1894 relinquit

260 1894 272 1905 ⁰
309 1910 336 1943 e
358 1894 736 1959 singultantem3
770 1898 875 1944 atro
898 1896 1138 1960 tepefacta
1160 1912 1329 1945 cruore

0 1955 28 1978 '⁴
92 1960 243 2010 Terra
261 1959 451 2024 torique
471 1961 683 2009 madent.
740 1961 846 2010 Nee
869 1978 965 2010 non
988 1961 1348 2026 Lamyrumque
1371 1959 1687 2024 Lamumque,

16 2073 31 2094 ,
93 2025 167 2076 Et
180 2026 409 2092 juvenem
431 2026 704 2086 Sarranum,
725 2026 809 2075 illa
830 2027 912 2090 qui
936 2027 1144 2091 plurima
1165 2031 1307 2077 noete
1498 2060 1501 2063 -
1587 2025 1687 2076 335

31 2094 33 2097 ’
95 2091 315 2151 Luserat,
336 2091 539 2157 insignis
561 2092 693 2150 faeie,
716 2092 964 2156 multoque
980 2093 1172 2157 jacebat

95 2157 321 2207 Membra
341 2157 431 2207 deo
454 2157 638 2207 victus:
673 2158 799 2217 felix,
822 2159 863 2207 si
886 2163 1113 2223 protenus
1136 2159 1275 2208 illum

95 2223 356 2289 AEquasset
377 2223 509 2273 nocti
532 2223 699 2273 ludum
721 2226 773 2273 in
794 2224 1042 2280 lucemque
1063 2226 1271 2274 tulisset.

24 2309 37 2326 κ
96 2288 342 2355 Impastus
364 2306 451 2339 ceu
472 2289 612 2354 plena
632 2290 707 2339 leo
728 2307 814 2355 per
835 2290 978 2339 ovilia
998 2292 1199 2341 turbans
1216 2313 1227 2351 ;

93 2354 276 2405 Suadet
297 2355 426 2405 enim
447 2371 621 2404 vesana
641 2356 818 2416 fames3
851 2358 1131 2423 manditque
1153 2357 1401 2421 trahitque
1586 2356 1689 2406 840

95 2419 249 2471 Molle
270 2437 415 2498 pecus
436 2425 723 2487 mutumque
746 2425 909 2483 metu;
942 2423 1106 2473 fremit
1132 2441 1212 2474 ore
1235 2425 1451 2473 cruento,

97 2485 206 2537 Nee
227 2503 385 2537 mmor
406 2487 608 2552 Euryali
632 2488 813 2537 caedes:
848 2489 1066 2539 incensus
1090 2494 1140 2539 et
1163 2491 1264 2554 ipse

96 2551 342 2613 Perfurit3
375 2570 429 2602 ae
453 2554 654 2602 multam
679 2554 728 2602 in
752 2554 909 2603 medio
932 2555 1034 2604 nine
1056 2556 1250 2604 nomine
1273 2554 1477 2620 plebem,

20 2629 22 2634 “
96 2617 382 2683 Fadumque
404 2619 769 2682 Herbesumque
792 2621 938 2680 subit,
962 2620 1308 2686 Rhoetumque,
1331 2620 1638 2684 Abarimque,

20 2695 22 2715 ¹
96 2681 329 2750 Igna-on
363 2683 602 2735 Rhoetnm
625 2686 920 2750 vigilantem,
946 2690 997 2736 et
1020 2691 1195 2736 cuncta
1216 2687 1492 2752 videntem5
1585 2685 1686 2737 845

94 2749 191 2800 Sed
213 2766 442 2816 magnum
465 2754 683 2801 metuens
707 2769 757 2800 se
779 2756 889 2817 post
911 2756 1094 2802 cratera
1114 2753 1311 2819 tegebat
1326 2773 1341 2804 x

97 2813 300 2871 Pectore
320 2817 372 2868 in
394 2816 592 2869 adverso
610 2821 774 2870 totum
797 2818 879 2929 eu}²
898 2819 1113 2870 cominus
1134 2835 1298 2872 ensem
