1988 3034
515 489 570 552 P.
601 491 884 551 VIRGILII
911 492 1203 550 MARONIS

423 666 1306 751 AENEIDOS

606 866 821 908 LIBER
873 865 1122 906 NONUS·

69 1137 256 1196 Amul·
277 1152 335 1187 es
353 1133 539 1185 diversa
558 1134 752 1199 penitus
774 1134 892 1182 dum
913 1134 1050 1197 parte
1072 1133 1322 1197 geruntur,

71 1202 196 1253 Irim
217 1203 277 1252 de
298 1202 420 1252 coelo
441 1201 576 1249 misit
599 1200 825 1249 Saturnia
850 1199 981 1248 J'uno

70 1269 318 1320 Audacem
340 1267 402 1316 ad
422 1267 656 1316 Turnum.
725 1265 860 1314 Luco
881 1268 991 1313 tum
1013 1265 1138 1313 forte
1160 1263 1373 1329 parentis

72 1334 289 1385 Pilumni
310 1334 502 1382 Turnus
524 1335 710 1381 sacrata
729 1331 852 1379 valle
875 1331 1084 1380 sedebat.

72 1401 156 1450 Ad
176 1417 319 1465 quem
340 1400 409 1448 sic
429 1415 564 1448 roseo
586 1397 934 1446 Thaumantias
957 1414 1037 1446 ore
1057 1397 1220 1444 locuta
1241 1396 1316 1444 est
1333 1414 1348 1446 ι
1639 1391 1670 1440 δ

74 1471 104 1494 “
121 1466 298 1525 Tui-ne,
320 1465 449 1530 quod
470 1463 662 1528 optanti
684 1463 848 1510 divum
870 1463 1152 1526 promittere
1173 1477 1315 1510 nemo

73 1532 305 1590 Auderet,
326 1530 563 1579 volvenda.
583 1530 683 1578 dies
706 1545 766 1577 en
789 1529 959 1576 attulit
980 1528 1124 1577 ultro.

74 1598 268 1656 Euesa,
290 1596 407 1645 urbe
429 1599 480 1644 et
502 1595 641 1643 sociis
663 1597 716 1643 et
738 1594 883 1642 classe
905 1593 1086 1652 relicta,

76 1663 276 1727 Sceptra
297 1661 507 1710 Palatini
529 1661 783 1724 sedemque
804 1660 980 1723 petivit
1002 1659 1219 1707 Evandri

76 1729 184 1779 Nec
205 1729 351 1776 satis:
386 1730 622 1776 extremas
645 1725 851 1789 Corythi
872 1726 1144 1790 penetravit
1168 1724 1230 1772 ad
1251 1723 1408 1783 urbes,
1610 1722 1676 1768 10

76 1794 419 1859 Lydorumque
440 1810 651 1852 manum,
675 1792 900 1840 collectos
923 1794 1078 1839 armat
1101 1793 1330 1855 agrestes.

78 1860 209 1920 Quid
229 1858 461 1908 dubitas?
495 1875 624 1907 nunc
645 1861 839 1922 tempus
862 1875 1021 1922 equos,
1045 1874 1173 1905 nuno
1195 1872 1388 1920 poscere
1411 1868 1593 1904 currus.

78 1925 273 1990 Rumpe
293 1942 450 1974 moras
472 1941 651 1982 omnm,
674 1927 726 1973 et
746 1924 945 1972 turbata
966 1924 1119 1987 arripe
1142 1922 1348 1971 castra.''

79 1990 236 2051 Dixit,
259 1994 310 2040 et
331 1991 383 2039 in
405 1991 580 2039 coelum
602 1990 795 2054 paribus
818 2007 869 2038 se
891 1989 1090 2037 sustulit
1113 1989 1227 2047 alis;

82 2056 435 2122 lugentemque
456 2056 574 2120 fuga
594 2057 747 2104 secuit
770 2056 859 2103 sub
881 2055 1088 2103 nubibus
1111 2070 1290 2102 arcum.
1615 2049 1678 2098 15

82 2122 303 2187 Agnovit
322 2122 524 2187 juvenis,
547 2120 851 2184 duplicesque
875 2121 936 2168 ad
958 2120 1112 2168 sidera
1131 2119 1314 2183 palmas

85 2187 311 2247 Sustulit,
333 2190 385 2235 et
405 2186 496 2235 tali
518 2186 786 2251 fugientem
808 2189 883 2234 est
906 2202 1021 2235 voce
1044 2188 1264 2234 secutus:

85 2256 115 2280 ‘⁸
131 2252 217 2312 Iri,
239 2252 382 2301 decus
404 2252 525 2311 coeli,
548 2251 655 2315 quis
676 2254 728 2300 te
750 2251 872 2300 mihi
893 2251 1101 2300 nubibus
1124 2253 1283 2299 actam

84 2316 281 2368 Detulit
301 2318 353 2367 in
374 2321 526 2367 terras
543 2317 567 2366 ἵ)
604 2317 731 2366 unde
753 2317 855 2366 haec
877 2319 981 2366 tam
1004 2317 1131 2366 clara
1151 2317 1348 2381 repente

84 2383 366 2449 Tempestas
382 2381 407 2432 Ρ
440 2383 654 2432 medium
673 2383 813 2433 video
835 2383 1071 2433 discedere
1093 2383 1284 2442 coelum,
1617 2378 1685 2426 20

87 2448 544 2581 ffiffssffli
561 2448 755 2564 ῖῗὲἔὲν
806 2448 988 2564 Βὲἓῖῗέ
1009 2449 1181 2564 2331ss
1191 2451 1467 2563 ἷῖῗῖῗιὶᾶω

90 2579 332 2631 Recessit
353 2597 634 2646 summoque
655 2579 820 2629 hausit
842 2580 901 2629 de
922 2580 1117 2645 gurgite
1138 2578 1379 2644 lymphas,

89 2645 252 2695 Mults
271 2646 384 2696 deos
405 2663 560 2706 orans,
583 2646 891 2709 oneravitque
917 2646 1100 2694 aethera
1120 2645 1264 2694 votis.

158 2710 368 2776 Jamque
389 2712 544 2762 omnis
567 2711 748 2775 campis
771 2711 1006 2760 exercitus
1036 2711 1138 2760 ibat
1161 2710 1354 2776 apertis,
1621 2705 1687 2756 25

90 2773 243 2827 Dives
263 2793 454 2842 equum,
475 2777 607 2827 dives
628 2778 776 2842 pictai
797 2777 944 2826 vestis
966 2780 1017 2826 et
1039 2777 1156 2826 auri.

3 2879 5 2881 -
91 2840 346 2910 Messapus
365 2843 544 2910 primes
564 2843 702 2908 scies,
723 2846 967 2909 postrema
988 2845 1212 2909 coercent
