1988 3034
669 161 910 201 mo!
930 161 1038 200 m.
1062 161 1137 199 11.

168 282 337 334 Prima
355 282 500 348 fugit,
523 281 718 332 domins
737 282 926 342 amissa,
946 280 1067 332 levis
1089 280 1169 331 als
1189 279 1431 342 Camill23

102 350 309 401 Turbati
328 349 527 415 fugiunt
547 347 723 397 Rutuli
743 369 755 408 ;
788 349 918 413 fugit
938 365 1047 398 acer
1067 348 1242 398 Atinas
1258 368 1272 410 ;

101 416 400 483 Disjectique
421 415 566 464 duces
586 415 880 478 desolatique
900 415 1101 479 manipli
1596 411 1700 463 8⁷0

101 482 235 533 Tuta
254 485 446 548 petunt.
467 485 520 531 et
540 482 675 547 equis
697 482 851 530 aversi
873 482 935 530 ad
956 482 1135 531 moenia
1154 481 1382 531 tendunt.

100 549 208 599 Nec
231 550 483 614 quisquam
503 548 743 597 instantes
764 548 975 597 Teucros
997 549 1243 613 letumque
1265 548 1469 598 ferentes

101 615 383 665 Sustentare
404 615 535 664 valet
556 615 682 675 telis,
704 618 791 664 aut
812 615 980 664 sistere
1002 619 1197 665 contra:

100 682 197 731 Sed
218 682 349 730 laxos
370 682 584 731 referunt
605 682 818 730 humeris
838 681 1180 746 languentibus
1202 698 1367 742 arcus;

100 748 566 814 Quadrupedumque
587 750 782 811 putrem
797 764 940 796 cursu
962 748 1123 812 quatit
1138 748 1322 813 ungula
1334 761 1574 813 campum.
1599 745 1699 795 875

99 813 328 864 Volvitur
348 815 411 863 ad
430 831 595 863 muros
617 814 819 878 caligine
839 814 1062 862 turbidus
1084 816 1191 862 atra

0 871 4 897 '
100 880 285 940 Pulvis,
306 882 359 930 et
380 897 407 929 e
429 879 632 944 speculis
653 895 885 944 pereussae
906 882 1102 943 pectora
1122 881 1300 928 matres

101 946 387 996 Femineum
408 946 663 995 clamorem
685 945 748 994 ad
769 945 878 994 coeli
899 946 1054 994 sidera
1072 945 1271 994 tollunt.

101 1012 199 1073 Qui
219 1029 362 1062 eursu
381 1015 546 1077 portas
567 1012 711 1076 primi
732 1011 942 1076 irrupere
963 1014 1200 1076 patentes,

101 1078 213 1128 Hos
233 1079 429 1128 inimica
449 1095 591 1143 super
611 1078 767 1127 mixto
788 1079 966 1143 premit
988 1079 1179 1143 agmine
1200 1077 1374 1136 turba3
1598 1079 1697 1127 880

100 1144 210 1195 Nec
229 1146 453 1195 miseram
475 1145 715 1210 effugiunt
735 1147 958 1205 mortem,
981 1145 1065 1194 sed
1085 1145 1250 1193 limine
1271 1145 1325 1192 in
1345 1143 1465 1208 ipso,

101 1210 351 1261 Moem'bus
371 1212 423 1260 in
444 1212 629 1276 patriis,
645 1214 793 1276 atque
815 1211 945 1260 inter
965 1214 1078 1259 tuta
1099 1211 1367 1270 domorum,

103 1276 294 1328 Confixi
314 1278 559 1342 exspirant
579 1278 776 1327 animas.
845 1277 966 1326 Pars
988 1277 1203 1326 claudere
1225 1279 1419 1342 portas3

102 1341 211 1394 Nec
232 1344 373 1394 sociis
394 1344 575 1409 aperire
597 1344 739 1404 viam,
760 1359 850 1393 nec
871 1344 1110 1393 moenibus
1132 1344 1313 1393 audent

103 1410 332 1476 Accipere
353 1414 572 1470 orantem
605 1411 853 1475 oriturque
874 1410 1140 1460 miserrima
1160 1410 1309 1459 caedes
1600 1410 1698 1459 885

103 1474 464 1527 Defendenmm
486 1477 631 1526 armis
653 1477 829 1538 aditus,
849 1477 995 1541 inque
1017 1492 1150 1526 arma
1169 1479 1413 1526 ruentum.

104 1541 318 1604 Exclusi,
339 1547 454 1593 ante
474 1543 636 1593 oculos
657 1543 1089 1608 lacrimantumque
1110 1559 1197 1593 ora
1217 1545 1487 1608 parentum,

104 1607 225 1658 Pars
246 1610 298 1659 in
319 1610 585 1675 praecipites
606 1609 771 1670 fossas,
793 1612 996 1675 urgente
1018 1608 1171 1669 ruina,

104 1673 358 1737 Volvitur3
389 1676 616 1725 immissis
637 1693 748 1740 pars
770 1692 898 1725 caeca
919 1678 971 1725 et
992 1676 1180 1725 concita
1200 1674 1346 1724 frenis

103 1741 298 1792 Arietat
318 1742 371 1791 in
391 1745 556 1807 portas
578 1745 630 1791 et
651 1743 795 1791 duros
817 1742 970 1807 objice
990 1745 1168 1807 postes.
1603 1740 1703 1789 890

103 1805 134 1857 1
252 1807 313 1858 de
333 1809 483 1858 muris
505 1825 694 1858 summo
717 1809 978 1858 certamine
999 1812 1247 1859 matres-

165 1877 354 1925 onstm
374 1891 509 1925 amor
528 1892 669 1925 verus
691 1876 986 1940 patriae—ut
1007 1876 1167 1925 videre
1191 1872 1458 1934 Camillam,

104 1938 223 1991 Tela
242 1958 391 1992 manu
410 1942 610 2007 trepidae
624 1942 815 2007 jaciunt
835 1962 846 2002 ;
880 1959 935 1991 ac
956 1942 1125 1991 robore
1147 1942 1269 1990 duro

105 2005 364 2073 stipitibus
385 2008 564 2057 serrum
586 2008 878 2071 sudibusque
899 2008 1157 2057 imitantur
1179 2004 1366 2056 obustis

106 2070 403 2139 Pracipites,
457 2075 687 2137 rimaeque
709 2074 832 2122 mori
854 2090 941 2138 pro
963 2074 1201 2122 moenibus
1224 2072 1409 2121 ardent.
1602 2071 1699 2120 895

171 2138 368 2190 Interea
386 2091 607 2189 'leimam
628 2140 680 2188 in
703 2139 835 2188 silvis
858 2140 1149 2189 saevissimus
1171 2138 1342 2203 implet

107 2204 344 2266 Numina,
366 2209 418 2255 et
431 2206 600 2271 juveni
622 2206 868 2270 ingentem
894 2206 989 2255 sert
1010 2206 1142 2255 Acca
1161 2206 1457 2254 tumultum:

107 2271 306 2322 Deleta·
327 2271 611 2322 Volscorum
633 2272 771 2333 acies,
794 2271 1017 2322 cecidisse
1039 2271 1306 2332 Camillam,

106 2336 342 2405 Ingrnere
362 2338 572 2388 infensos
593 2338 772 2398 hostes,
795 2341 847 2388 et
870 2338 1033 2388 Marte
1057 2338 1264 2388 secundo

107 2402 286 2455 Omnia
305 2405 612 2471 corripuisse:
647 2408 833 2455 metum
848 2405 953 2470 jam
975 2405 1036 2454 ad
1057 2405 1235 2454 moenia
1256 2403 1383 2453 ferri.
1605 2401 1707 2451 900

107 2468 201 2522 Ille
220 2472 500 2522 furens—et
522 2487 653 2521 saeva
674 2470 710 2520 J
711 2471 814 2521 ovis
836 2471 904 2520 sic
925 2471 1125 2520 numina
1145 2471 1417 2536 poscunt—-

107 2535 304 2588 Deserit
324 2538 539 2588 obsessos
561 2537 719 2598 colles,
741 2554 938 2587 nemora
958 2554 1123 2603 aspera
1143 2537 1211 2586 lin
1246 2537 1335 2586 uit.

107 2601 206 2654 vix
226 2620 254 2655 e
274 2608 533 2670 conspectu
554 2604 747 2663 exierat,
771 2620 1086 2669 campumque
1108 2605 1219 2652 tene
1252 2605 1320 2663 at,

109 2668 272 2731 Quum
292 2674 432 2736 pater
452 2669 644 2731 Euesa,
667 2669 819 2719 saltus
840 2670 1082 2735 ingressus
1103 2671 1308 2734 apertos,

108 2733 472 2803 Bmperatque
485 2737 677 2804 jugum,
698 2736 909 2801 silvaque
930 2735 1093 2785 evadit
1113 2750 1274 2800 opaea.
1608 2732 1706 2785 005

109 2800 191 2853 flio
210 2802 353 2881 ambo
373 2802 437 2853 ad
455 2819 619 2855 muro·
639 2802 794 2868 rapidi
814 2804 1016 2868 totoque
1037 2801 1260 2851 seruntur

110 2868 1320 2940 ΔΜωοιωςῑώωιωρωήυωψ-ωι,
