<?xml version="1.0" encoding="UTF-8"?>
<!DOCTYPE html PUBLIC "-//W3C//DTD XHTML 1.0 Transitional//EN"
    "http://www.w3.org/TR/xhtml1/DTD/xhtml1-transitional.dtd">
<html xmlns="http://www.w3.org/1999/xhtml" xml:lang="en" lang="en">
 <head>
  <title>
</title>
<meta http-equiv="Content-Type" content="text/html;charset=utf-8" />
  <meta name='ocr-system' content='tesseract 3.04.00' />
  <meta name='ocr-capabilities' content='ocr_page ocr_carea ocr_par ocr_line ocrx_word'/>
</head>
<body>
  <div class='ocr_page' id='page_1' title='image "./p3workswithengli00virguoft_0108.png"; bbox 0 0 1988 3034; ppageno 0'>
   <div class='ocr_carea' id='block_1_1' title="bbox 0 0 1988 70">
    <p class='ocr_par' dir='ltr' id='par_1_1' title="bbox 0 0 1988 70">
     <span class='ocr_line' id='line_1_1' title="bbox 0 0 1988 70; baseline 0.001 -53"><span class='ocrx_word' id='word_1_1' title='bbox 0 0 1988 70; x_wconf 63' lang='grc'>--.-,</span> 
     </span>
    </p>
   </div>
   <div class='ocr_carea' id='block_1_2' title="bbox 783 262 1360 302">
    <p class='ocr_par' dir='ltr' id='par_1_2' title="bbox 783 262 1360 302">
     <span class='ocr_line' id='line_1_2' title="bbox 783 262 1360 302; baseline -0.003 -1"><span class='ocrx_word' id='word_1_2' title='bbox 783 266 830 301; x_wconf 75' lang='lat'><strong>1².</strong></span> <span class='ocrx_word' id='word_1_3' title='bbox 852 262 1088 300; x_wconf 72' lang='lat' dir='ltr'>VIRGILII</span> <span class='ocrx_word' id='word_1_4' title='bbox 1122 263 1360 302; x_wconf 73' lang='lat' dir='ltr'><strong>MARoms</strong></span> 
     </span>
    </p>
   </div>
   <div class='ocr_carea' id='block_1_3' title="bbox 283 382 1988 2485">
    <p class='ocr_par' dir='ltr' id='par_1_3' title="bbox 283 382 1874 974">
     <span class='ocr_line' id='line_1_3' title="bbox 283 382 1546 447; baseline -0.003 -12"><span class='ocrx_word' id='word_1_5' title='bbox 283 385 480 444; x_wconf 83' lang='lat' dir='ltr'><strong>Labere,</strong></span> <span class='ocrx_word' id='word_1_6' title='bbox 503 382 751 447; x_wconf 86' lang='lat' dir='ltr'><strong>Nympha,</strong></span> <span class='ocrx_word' id='word_1_7' title='bbox 777 382 901 447; x_wconf 91' lang='lat' dir='ltr'><strong>polo,</strong></span> <span class='ocrx_word' id='word_1_8' title='bbox 923 382 1135 446; x_wconf 92' lang='lat' dir='ltr'><strong>finesque</strong></span> <span class='ocrx_word' id='word_1_9' title='bbox 1157 383 1308 433; x_wconf 89' lang='lat' dir='ltr'><strong>invise</strong></span> <span class='ocrx_word' id='word_1_10' title='bbox 1330 382 1546 442; x_wconf 82' lang='lat' dir='ltr'><strong>Latinos,</strong></span> 
     </span>
     <span class='ocr_line' id='line_1_4' title="bbox 284 449 1514 513; baseline -0.002 -14"><span class='ocrx_word' id='word_1_11' title='bbox 284 450 458 500; x_wconf 83' lang='lat' dir='ltr'><strong>Tristis</strong></span> <span class='ocrx_word' id='word_1_12' title='bbox 480 450 564 497; x_wconf 89' lang='lat' dir='ltr'><strong>ubi</strong></span> <span class='ocrx_word' id='word_1_13' title='bbox 584 449 794 496; x_wconf 88' lang='lat' dir='ltr'><strong>infausto</strong></span> <span class='ocrx_word' id='word_1_14' title='bbox 816 451 1139 498; x_wconf 68' lang='lat' dir='ltr'><strong>committitur</strong></span> <span class='ocrx_word' id='word_1_15' title='bbox 1160 451 1317 498; x_wconf 91' lang='lat' dir='ltr'><strong>omine</strong></span> <span class='ocrx_word' id='word_1_16' title='bbox 1338 467 1514 513; x_wconf 84' lang='lat' dir='ltr'><strong>pugna.</strong></span> 
     </span>
     <span class='ocr_line' id='line_1_5' title="bbox 285 515 1874 579; baseline -0.002 -14"><span class='ocrx_word' id='word_1_17' title='bbox 285 517 411 565; x_wconf 85' lang='lat' dir='ltr'><strong>Haec</strong></span> <span class='ocrx_word' id='word_1_18' title='bbox 434 532 560 579; x_wconf 87' lang='lat' dir='ltr'><strong>cape,</strong></span> <span class='ocrx_word' id='word_1_19' title='bbox 584 518 634 563; x_wconf 88' lang='lat' dir='ltr'><strong>et</strong></span> <span class='ocrx_word' id='word_1_20' title='bbox 656 515 878 563; x_wconf 88' lang='lat' dir='ltr'><strong>ultricem</strong></span> <span class='ocrx_word' id='word_1_21' title='bbox 898 517 1123 579; x_wconf 88' lang='lat' dir='ltr'><strong>pharetra</strong></span> <span class='ocrx_word' id='word_1_22' title='bbox 1145 517 1366 579; x_wconf 82' lang='lat' dir='ltr'>deprome</span> <span class='ocrx_word' id='word_1_23' title='bbox 1390 516 1619 579; x_wconf 84' lang='lat' dir='ltr'><strong>sagittam</strong></span> <span class='ocrx_word' id='word_1_24' title='bbox 1638 534 1648 564; x_wconf 73' lang='grc' dir='ltr'>ε</span> <span class='ocrx_word' id='word_1_25' title='bbox 1773 515 1874 562; x_wconf 88' lang='lat'><strong>590</strong></span> 
     </span>
     <span class='ocr_line' id='line_1_6' title="bbox 285 582 1563 645; baseline -0.001 -15"><span class='ocrx_word' id='word_1_26' title='bbox 285 583 411 641; x_wconf 87' lang='lat' dir='ltr'><strong>Hac,</strong></span> <span class='ocrx_word' id='word_1_27' title='bbox 435 582 719 645; x_wconf 84' lang='lat' dir='ltr'><strong>quicumque</strong></span> <span class='ocrx_word' id='word_1_28' title='bbox 741 598 924 629; x_wconf 90' lang='lat' dir='ltr'><strong>sacrum</strong></span> <span class='ocrx_word' id='word_1_29' title='bbox 949 582 1140 629; x_wconf 89' lang='lat' dir='ltr'><strong>violarit</strong></span> <span class='ocrx_word' id='word_1_30' title='bbox 1163 583 1355 629; x_wconf 88' lang='lat' dir='ltr'><strong>vulnere</strong></span> <span class='ocrx_word' id='word_1_31' title='bbox 1378 598 1563 645; x_wconf 88' lang='lat' dir='ltr'><strong>corpus,</strong></span> 
     </span>
     <span class='ocr_line' id='line_1_7' title="bbox 287 647 1566 711; baseline -0.001 -15"><span class='ocrx_word' id='word_1_32' title='bbox 287 649 407 697; x_wconf 82' lang='lat' dir='ltr'><strong>Tros</strong></span> <span class='ocrx_word' id='word_1_33' title='bbox 431 647 661 705; x_wconf 87' lang='lat' dir='ltr'><strong>Italusve,</strong></span> <span class='ocrx_word' id='word_1_34' title='bbox 685 647 807 694; x_wconf 91' lang='lat' dir='ltr'><strong>mihi</strong></span> <span class='ocrx_word' id='word_1_35' title='bbox 828 648 1006 710; x_wconf 91' lang='lat' dir='ltr'><strong>pariter</strong></span> <span class='ocrx_word' id='word_1_36' title='bbox 1029 648 1111 695; x_wconf 89' lang='lat' dir='ltr'><strong>det</strong></span> <span class='ocrx_word' id='word_1_37' title='bbox 1135 648 1364 710; x_wconf 86' lang='lat' dir='ltr'><strong>sanguine</strong></span> <span class='ocrx_word' id='word_1_38' title='bbox 1387 664 1566 711; x_wconf 81' lang='lat' dir='ltr'><strong>poenaS,</strong></span> 
     </span>
     <span class='ocr_line' id='line_1_8' title="bbox 287 713 1530 777; baseline -0.002 -15"><span class='ocrx_word' id='word_1_39' title='bbox 287 714 409 762; x_wconf 87' lang='lat' dir='ltr'><strong>Post</strong></span> <span class='ocrx_word' id='word_1_40' title='bbox 433 730 521 777; x_wconf 90' lang='lat' dir='ltr'><strong>ego</strong></span> <span class='ocrx_word' id='word_1_41' title='bbox 544 713 671 760; x_wconf 90' lang='lat' dir='ltr'><strong>nube</strong></span> <span class='ocrx_word' id='word_1_42' title='bbox 695 730 810 760; x_wconf 85' lang='lat' dir='ltr'><strong>cava</strong></span> <span class='ocrx_word' id='word_1_43' title='bbox 831 714 1109 761; x_wconf 86' lang='lat' dir='ltr'><strong>miserandae</strong></span> <span class='ocrx_word' id='word_1_44' title='bbox 1133 730 1301 777; x_wconf 89' lang='lat' dir='ltr'><strong>corpus</strong></span> <span class='ocrx_word' id='word_1_45' title='bbox 1324 716 1374 760; x_wconf 93' lang='lat' dir='ltr'><strong>et</strong></span> <span class='ocrx_word' id='word_1_46' title='bbox 1398 730 1530 760; x_wconf 90' lang='lat' dir='ltr'><strong>arma</strong></span> 
     </span>
     <span class='ocr_line' id='line_1_9' title="bbox 286 779 1526 843; baseline -0.001 -16"><span class='ocrx_word' id='word_1_47' title='bbox 286 779 553 842; x_wconf 87' lang='lat' dir='ltr'><strong>Inspoliata</strong></span> <span class='ocrx_word' id='word_1_48' title='bbox 574 780 721 827; x_wconf 89' lang='lat' dir='ltr'><strong>feram</strong></span> <span class='ocrx_word' id='word_1_49' title='bbox 745 780 948 838; x_wconf 91' lang='lat' dir='ltr'><strong>tumulo,</strong></span> <span class='ocrx_word' id='word_1_50' title='bbox 971 779 1229 843; x_wconf 88' lang='lat' dir='ltr'><strong>patriaeque</strong></span> <span class='ocrx_word' id='word_1_51' title='bbox 1251 779 1526 843; x_wconf 89' lang='lat' dir='ltr'><strong>reponam.”</strong></span> 
     </span>
     <span class='ocr_line' id='line_1_10' title="bbox 285 845 1874 909; baseline -0.001 -17"><span class='ocrx_word' id='word_1_52' title='bbox 285 845 427 893; x_wconf 82' lang='lat' dir='ltr'><strong>Dixit</strong></span> <span class='ocrx_word' id='word_1_53' title='bbox 446 866 457 893; x_wconf 91' lang='lat'>:</span> <span class='ocrx_word' id='word_1_54' title='bbox 493 847 544 893; x_wconf 87' lang='lat' dir='ltr'><strong>at</strong></span> <span class='ocrx_word' id='word_1_55' title='bbox 566 845 649 892; x_wconf 85' lang='lat' dir='ltr'><strong>illa</strong></span> <span class='ocrx_word' id='word_1_56' title='bbox 668 845 795 893; x_wconf 86' lang='lat' dir='ltr'><strong>leves</strong></span> <span class='ocrx_word' id='word_1_57' title='bbox 818 845 925 893; x_wconf 91' lang='lat' dir='ltr'><strong>coeli</strong></span> <span class='ocrx_word' id='word_1_58' title='bbox 947 845 1138 909; x_wconf 88' lang='lat' dir='ltr'><strong>delapsa</strong></span> <span class='ocrx_word' id='word_1_59' title='bbox 1158 862 1243 908; x_wconf 91' lang='lat' dir='ltr'><strong>per</strong></span> <span class='ocrx_word' id='word_1_60' title='bbox 1265 862 1402 892; x_wconf 88' lang='lat' dir='ltr'><strong>auras</strong></span> <span class='ocrx_word' id='word_1_61' title='bbox 1776 845 1874 891; x_wconf 85' lang='lat'><strong>595</strong></span> 
     </span>
     <span class='ocr_line' id='line_1_11' title="bbox 288 911 1432 974; baseline 0 -15"><span class='ocrx_word' id='word_1_62' title='bbox 288 911 531 969; x_wconf 88' lang='lat' dir='ltr'><strong>Insonuit,</strong></span> <span class='ocrx_word' id='word_1_63' title='bbox 554 927 693 974; x_wconf 87' lang='lat' dir='ltr'><strong>mgro</strong></span> <span class='ocrx_word' id='word_1_64' title='bbox 717 911 1011 959; x_wconf 88' lang='lat' dir='ltr'><strong>circumdata</strong></span> <span class='ocrx_word' id='word_1_65' title='bbox 1031 911 1224 959; x_wconf 86' lang='lat' dir='ltr'><strong>turbine</strong></span> <span class='ocrx_word' id='word_1_66' title='bbox 1246 927 1432 974; x_wconf 86' lang='lat' dir='ltr'><strong>corpus.</strong></span> 
     </span>
    </p>

    <p class='ocr_par' dir='ltr' id='par_1_4' title="bbox 285 977 1988 2485">
     <span class='ocr_line' id='line_1_12' title="bbox 352 977 1544 1040; baseline 0 -17"><span class='ocrx_word' id='word_1_67' title='bbox 352 978 424 1023; x_wconf 90' lang='lat' dir='ltr'><strong>At</strong></span> <span class='ocrx_word' id='word_1_68' title='bbox 447 993 615 1024; x_wconf 84' lang='lat' dir='ltr'><strong>manus</strong></span> <span class='ocrx_word' id='word_1_69' title='bbox 637 977 820 1024; x_wconf 90' lang='lat' dir='ltr'><strong>interea</strong></span> <span class='ocrx_word' id='word_1_70' title='bbox 842 977 989 1023; x_wconf 92' lang='lat' dir='ltr'><strong>muris</strong></span> <span class='ocrx_word' id='word_1_71' title='bbox 1013 977 1219 1040; x_wconf 84' lang='lat' dir='ltr'><strong>Trojana</strong></span> <span class='ocrx_word' id='word_1_72' title='bbox 1240 977 1544 1040; x_wconf 85' lang='lat' dir='ltr'><strong>propinquat,</strong></span> 
     </span>
     <span class='ocr_line' id='line_1_13' title="bbox 285 1042 1533 1106; baseline -0.002 -15"><span class='ocrx_word' id='word_1_73' title='bbox 285 1042 575 1104; x_wconf 84' lang='lat' dir='ltr'><strong>Etruscique</strong></span> <span class='ocrx_word' id='word_1_74' title='bbox 598 1042 753 1101; x_wconf 87' lang='lat' dir='ltr'><strong>duces,</strong></span> <span class='ocrx_word' id='word_1_75' title='bbox 777 1043 1086 1106; x_wconf 85' lang='lat' dir='ltr'><strong>equitumque</strong></span> <span class='ocrx_word' id='word_1_76' title='bbox 1108 1043 1340 1090; x_wconf 88' lang='lat' dir='ltr'><strong>exercitus</strong></span> <span class='ocrx_word' id='word_1_77' title='bbox 1364 1043 1533 1100; x_wconf 86' lang='lat' dir='ltr'><strong>omnis,</strong></span> 
     </span>
     <span class='ocr_line' id='line_1_14' title="bbox 286 1108 1660 1171; baseline -0.001 -15"><span class='ocrx_word' id='word_1_78' title='bbox 286 1108 555 1171; x_wconf 80' lang='lat' dir='ltr'><strong>Compositi</strong></span> <span class='ocrx_word' id='word_1_79' title='bbox 575 1125 773 1156; x_wconf 90' lang='lat' dir='ltr'><strong>numero</strong></span> <span class='ocrx_word' id='word_1_80' title='bbox 795 1109 847 1155; x_wconf 92' lang='lat' dir='ltr'><strong>in</strong></span> <span class='ocrx_word' id='word_1_81' title='bbox 867 1110 1066 1155; x_wconf 89' lang='lat' dir='ltr'><strong>turmas.</strong></span> <span class='ocrx_word' id='word_1_82' title='bbox 1136 1108 1323 1156; x_wconf 85' lang='lat' dir='ltr'><strong>Fremit</strong></span> <span class='ocrx_word' id='word_1_83' title='bbox 1345 1124 1530 1171; x_wconf 89' lang='lat' dir='ltr'><strong>aequore</strong></span> <span class='ocrx_word' id='word_1_84' title='bbox 1552 1108 1660 1156; x_wconf 87' lang='lat' dir='ltr'><strong>toto</strong></span> 
     </span>
     <span class='ocr_line' id='line_1_15' title="bbox 287 1173 1988 1237; baseline 0 -16"><span class='ocrx_word' id='word_1_85' title='bbox 287 1173 536 1221; x_wconf 85' lang='lat' dir='ltr'><strong>Insultans</strong></span> <span class='ocrx_word' id='word_1_86' title='bbox 560 1174 760 1236; x_wconf 80' lang='lat' dir='ltr'><strong>sonipeS‚</strong></span> <span class='ocrx_word' id='word_1_87' title='bbox 784 1176 834 1221; x_wconf 88' lang='lat' dir='ltr'><strong>et</strong></span> <span class='ocrx_word' id='word_1_88' title='bbox 856 1174 1028 1234; x_wconf 89' lang='lat' dir='ltr'><strong>pressis</strong></span> <span class='ocrx_word' id='word_1_89' title='bbox 1050 1177 1236 1237; x_wconf 85' lang='lat' dir='ltr'><strong>pugnat</strong></span> <span class='ocrx_word' id='word_1_90' title='bbox 1259 1174 1457 1221; x_wconf 86' lang='lat' dir='ltr'><strong>habenis</strong></span> <span class='ocrx_word' id='word_1_91' title='bbox 1779 1175 1876 1221; x_wconf 88' lang='lat'><strong>600</strong></span> <span class='ocrx_word' id='word_1_92' title='bbox 1982 1220 1988 1236; x_wconf 42' lang='grc' dir='ltr'>ε</span> 
     </span>
     <span class='ocr_line' id='line_1_16' title="bbox 286 1238 1988 1298; baseline -0.001 -11"><span class='ocrx_word' id='word_1_93' title='bbox 286 1240 403 1287; x_wconf 89' lang='lat' dir='ltr'><strong>Huc</strong></span> <span class='ocrx_word' id='word_1_94' title='bbox 425 1240 650 1287; x_wconf 85' lang='lat' dir='ltr'><strong>obversus</strong></span> <span class='ocrx_word' id='word_1_95' title='bbox 674 1242 724 1286; x_wconf 90' lang='lat' dir='ltr'><strong>et</strong></span> <span class='ocrx_word' id='word_1_96' title='bbox 747 1240 868 1298; x_wconf 90' lang='lat' dir='ltr'><strong>huc;</strong></span> <span class='ocrx_word' id='word_1_97' title='bbox 902 1242 1008 1288; x_wconf 91' lang='lat' dir='ltr'><strong>tum</strong></span> <span class='ocrx_word' id='word_1_98' title='bbox 1033 1239 1130 1286; x_wconf 91' lang='lat' dir='ltr'><strong>late</strong></span> <span class='ocrx_word' id='word_1_99' title='bbox 1153 1240 1328 1287; x_wconf 90' lang='lat' dir='ltr'><strong>ferreus</strong></span> <span class='ocrx_word' id='word_1_100' title='bbox 1351 1240 1504 1287; x_wconf 88' lang='lat' dir='ltr'><strong>hastis</strong></span> <span class='ocrx_word' id='word_1_101' title='bbox 1983 1238 1988 1279; x_wconf 78' lang='lat' dir='ltr'><strong>i</strong></span> 
     </span>
     <span class='ocr_line' id='line_1_17' title="bbox 287 1305 1988 1367; baseline 0 -14"><span class='ocrx_word' id='word_1_102' title='bbox 287 1305 474 1353; x_wconf 87' lang='lat' dir='ltr'><strong>Horret</strong></span> <span class='ocrx_word' id='word_1_103' title='bbox 497 1321 623 1367; x_wconf 88' lang='lat' dir='ltr'><strong>ager,</strong></span> <span class='ocrx_word' id='word_1_104' title='bbox 648 1305 894 1367; x_wconf 83' lang='lat' dir='ltr'><strong>campique</strong></span> <span class='ocrx_word' id='word_1_105' title='bbox 918 1305 1060 1352; x_wconf 87' lang='lat' dir='ltr'><strong>armis</strong></span> <span class='ocrx_word' id='word_1_106' title='bbox 1085 1305 1367 1352; x_wconf 90' lang='lat' dir='ltr'><strong>sublimibus</strong></span> <span class='ocrx_word' id='word_1_107' title='bbox 1392 1306 1575 1354; x_wconf 80' lang='lat' dir='ltr'><strong>ardent.</strong></span> <span class='ocrx_word' id='word_1_108' title='bbox 1984 1309 1988 1322; x_wconf 91' lang='lat'>&#39;</span> 
     </span>
     <span class='ocr_line' id='line_1_18' title="bbox 287 1370 1480 1433; baseline -0.001 -14"><span class='ocrx_word' id='word_1_109' title='bbox 287 1370 394 1419; x_wconf 87' lang='lat' dir='ltr'><strong>Nec</strong></span> <span class='ocrx_word' id='word_1_110' title='bbox 411 1388 508 1419; x_wconf 91' lang='lat' dir='ltr'><strong>non</strong></span> <span class='ocrx_word' id='word_1_111' title='bbox 532 1371 783 1433; x_wconf 84' lang='lat' dir='ltr'><strong>Messapus</strong></span> <span class='ocrx_word' id='word_1_112' title='bbox 808 1373 989 1429; x_wconf 89' lang='lat' dir='ltr'><strong>contra,</strong></span> <span class='ocrx_word' id='word_1_113' title='bbox 1012 1371 1276 1432; x_wconf 86' lang='lat' dir='ltr'><strong>celeresque</strong></span> <span class='ocrx_word' id='word_1_114' title='bbox 1299 1371 1480 1430; x_wconf 88' lang='lat' dir='ltr'><strong>Latini,</strong></span> 
     </span>
     <span class='ocr_line' id='line_1_19' title="bbox 286 1436 1488 1499; baseline 0 -15"><span class='ocrx_word' id='word_1_115' title='bbox 286 1436 358 1484; x_wconf 91' lang='lat' dir='ltr'><strong>Et</strong></span> <span class='ocrx_word' id='word_1_116' title='bbox 381 1453 493 1484; x_wconf 86' lang='lat' dir='ltr'><strong>cum</strong></span> <span class='ocrx_word' id='word_1_117' title='bbox 514 1437 661 1484; x_wconf 88' lang='lat' dir='ltr'><strong>fratre</strong></span> <span class='ocrx_word' id='word_1_118' title='bbox 685 1436 844 1494; x_wconf 83' lang='lat' dir='ltr'><strong>Coras,</strong></span> <span class='ocrx_word' id='word_1_119' title='bbox 868 1440 918 1484; x_wconf 92' lang='lat' dir='ltr'><strong>et</strong></span> <span class='ocrx_word' id='word_1_120' title='bbox 941 1437 1140 1499; x_wconf 87' lang='lat' dir='ltr'><strong>virginis</strong></span> <span class='ocrx_word' id='word_1_121' title='bbox 1163 1437 1240 1483; x_wconf 87' lang='lat' dir='ltr'><strong>ala</strong></span> <span class='ocrx_word' id='word_1_122' title='bbox 1262 1436 1488 1496; x_wconf 74' lang='lat' dir='ltr'><strong>Camillae,</strong></span> 
     </span>
     <span class='ocr_line' id='line_1_20' title="bbox 286 1502 1875 1566; baseline -0.001 -16"><span class='ocrx_word' id='word_1_123' title='bbox 286 1502 490 1550; x_wconf 87' lang='lat' dir='ltr'><strong>Adversi</strong></span> <span class='ocrx_word' id='word_1_124' title='bbox 514 1519 680 1565; x_wconf 90' lang='lat' dir='ltr'><strong>campo</strong></span> <span class='ocrx_word' id='word_1_125' title='bbox 703 1505 947 1566; x_wconf 81' lang='lat' dir='ltr'><strong>apparent,</strong></span> <span class='ocrx_word' id='word_1_126' title='bbox 970 1502 1225 1566; x_wconf 90' lang='lat' dir='ltr'><strong>hastasque</strong></span> <span class='ocrx_word' id='word_1_127' title='bbox 1247 1503 1456 1550; x_wconf 88' lang='lat' dir='ltr'><strong>reductis</strong></span> <span class='ocrx_word' id='word_1_128' title='bbox 1776 1503 1875 1550; x_wconf 84' lang='lat'><strong>605</strong></span> 
     </span>
     <span class='ocr_line' id='line_1_21' title="bbox 287 1567 1492 1632; baseline 0 -17"><span class='ocrx_word' id='word_1_129' title='bbox 287 1567 595 1616; x_wconf 84' lang='lat' dir='ltr'><strong>Protendunt</strong></span> <span class='ocrx_word' id='word_1_130' title='bbox 616 1570 758 1632; x_wconf 87' lang='lat' dir='ltr'><strong>longe</strong></span> <span class='ocrx_word' id='word_1_131' title='bbox 782 1569 974 1626; x_wconf 82' lang='lat' dir='ltr'><strong>dextris,</strong></span> <span class='ocrx_word' id='word_1_132' title='bbox 999 1572 1048 1616; x_wconf 90' lang='lat' dir='ltr'><strong>et</strong></span> <span class='ocrx_word' id='word_1_133' title='bbox 1071 1568 1252 1631; x_wconf 88' lang='lat' dir='ltr'><strong>spicula</strong></span> <span class='ocrx_word' id='word_1_134' title='bbox 1273 1568 1492 1626; x_wconf 81' lang='lat' dir='ltr'><strong>vibrant-3</strong></span> 
     </span>
     <span class='ocr_line' id='line_1_22' title="bbox 286 1634 1636 1698; baseline 0.001 -17"><span class='ocrx_word' id='word_1_135' title='bbox 286 1634 632 1697; x_wconf 87' lang='lat' dir='ltr'><strong>Adventusque</strong></span> <span class='ocrx_word' id='word_1_136' title='bbox 654 1635 812 1681; x_wconf 89' lang='lat' dir='ltr'><strong>virum</strong></span> <span class='ocrx_word' id='word_1_137' title='bbox 834 1635 1144 1698; x_wconf 88' lang='lat' dir='ltr'><strong>fremitusque</strong></span> <span class='ocrx_word' id='word_1_138' title='bbox 1167 1635 1370 1682; x_wconf 85' lang='lat' dir='ltr'><strong>ardescit</strong></span> <span class='ocrx_word' id='word_1_139' title='bbox 1393 1651 1636 1697; x_wconf 87' lang='lat' dir='ltr'><strong>equorum.</strong></span> 
     </span>
     <span class='ocr_line' id='line_1_23' title="bbox 289 1699 1479 1764; baseline 0.002 -18"><span class='ocrx_word' id='word_1_140' title='bbox 289 1699 496 1762; x_wconf 86' lang='lat' dir='ltr'><strong>Jamque</strong></span> <span class='ocrx_word' id='word_1_141' title='bbox 518 1700 648 1747; x_wconf 92' lang='lat' dir='ltr'><strong>intra</strong></span> <span class='ocrx_word' id='word_1_142' title='bbox 661 1700 849 1764; x_wconf 85' lang='lat' dir='ltr'><strong>jactum</strong></span> <span class='ocrx_word' id='word_1_143' title='bbox 870 1701 957 1748; x_wconf 91' lang='lat' dir='ltr'><strong>teli</strong></span> <span class='ocrx_word' id='word_1_144' title='bbox 978 1717 1256 1763; x_wconf 85' lang='lat' dir='ltr'><strong>progressus</strong></span> <span class='ocrx_word' id='word_1_145' title='bbox 1278 1703 1479 1763; x_wconf 88' lang='lat' dir='ltr'><strong>uterque</strong></span> 
     </span>
     <span class='ocr_line' id='line_1_24' title="bbox 288 1765 1701 1830; baseline 0.001 -18"><span class='ocrx_word' id='word_1_146' title='bbox 288 1765 581 1812; x_wconf 86' lang='lat' dir='ltr'><strong>Substiterat</strong></span> <span class='ocrx_word' id='word_1_147' title='bbox 602 1787 612 1813; x_wconf 74' lang='grc' dir='ltr'>ε</span> <span class='ocrx_word' id='word_1_148' title='bbox 649 1766 808 1813; x_wconf 90' lang='lat' dir='ltr'><strong>subito</strong></span> <span class='ocrx_word' id='word_1_149' title='bbox 831 1771 1090 1829; x_wconf 87' lang='lat' dir='ltr'><strong>erumpunt</strong></span> <span class='ocrx_word' id='word_1_150' title='bbox 1113 1767 1329 1824; x_wconf 89' lang='lat' dir='ltr'><strong>clamore,</strong></span> <span class='ocrx_word' id='word_1_151' title='bbox 1353 1767 1701 1830; x_wconf 85' lang='lat' dir='ltr'><strong>frementesque</strong></span> 
     </span>
     <span class='ocr_line' id='line_1_25' title="bbox 287 1831 1877 1894; baseline 0.001 -16"><span class='ocrx_word' id='word_1_152' title='bbox 287 1831 625 1878; x_wconf 88' lang='lat' dir='ltr'><strong>Exhortantur</strong></span> <span class='ocrx_word' id='word_1_153' title='bbox 648 1846 820 1894; x_wconf 83' lang='lat' dir='ltr'><strong>equos3</strong></span> <span class='ocrx_word' id='word_1_154' title='bbox 854 1832 1063 1878; x_wconf 86' lang='lat' dir='ltr'><strong>fundunt</strong></span> <span class='ocrx_word' id='word_1_155' title='bbox 1087 1832 1229 1878; x_wconf 89' lang='lat' dir='ltr'><strong>simul</strong></span> <span class='ocrx_word' id='word_1_156' title='bbox 1250 1832 1458 1894; x_wconf 86' lang='lat' dir='ltr'><strong>undique</strong></span> <span class='ocrx_word' id='word_1_157' title='bbox 1481 1831 1581 1879; x_wconf 88' lang='lat' dir='ltr'><strong>tela</strong></span> <span class='ocrx_word' id='word_1_158' title='bbox 1777 1834 1877 1880; x_wconf 84' lang='lat'><strong>610</strong></span> 
     </span>
     <span class='ocr_line' id='line_1_26' title="bbox 289 1895 1509 1959; baseline 0 -16"><span class='ocrx_word' id='word_1_159' title='bbox 289 1895 466 1944; x_wconf 84' lang='lat' dir='ltr'><strong>Crebra</strong></span> <span class='ocrx_word' id='word_1_160' title='bbox 487 1897 611 1943; x_wconf 90' lang='lat' dir='ltr'><strong>nivis</strong></span> <span class='ocrx_word' id='word_1_161' title='bbox 634 1896 747 1953; x_wconf 86' lang='lat' dir='ltr'><strong>ritu,</strong></span> <span class='ocrx_word' id='word_1_162' title='bbox 771 1897 1036 1959; x_wconf 85' lang='lat' dir='ltr'><strong>coelumque</strong></span> <span class='ocrx_word' id='word_1_163' title='bbox 1060 1897 1304 1944; x_wconf 84' lang='lat' dir='ltr'><strong>obtexitur</strong></span> <span class='ocrx_word' id='word_1_164' title='bbox 1324 1898 1509 1944; x_wconf 85' lang='lat' dir='ltr'><strong>umbra.</strong></span> 
     </span>
     <span class='ocr_line' id='line_1_27' title="bbox 289 1961 1528 2025; baseline 0 -17"><span class='ocrx_word' id='word_1_165' title='bbox 289 1961 531 2009; x_wconf 86' lang='lat' dir='ltr'><strong>Continuo</strong></span> <span class='ocrx_word' id='word_1_166' title='bbox 554 1963 760 2009; x_wconf 87' lang='lat' dir='ltr'><strong>adversis</strong></span> <span class='ocrx_word' id='word_1_167' title='bbox 784 1963 1060 2025; x_wconf 84' lang='lat' dir='ltr'><strong>Tyrrhenus</strong></span> <span class='ocrx_word' id='word_1_168' title='bbox 1083 1965 1134 2010; x_wconf 88' lang='lat' dir='ltr'><strong>et</strong></span> <span class='ocrx_word' id='word_1_169' title='bbox 1157 1979 1261 2010; x_wconf 88' lang='lat' dir='ltr'><strong>acer</strong></span> <span class='ocrx_word' id='word_1_170' title='bbox 1284 1963 1528 2010; x_wconf 88' lang='lat' dir='ltr'><strong>Aconteus</strong></span> 
     </span>
     <span class='ocr_line' id='line_1_28' title="bbox 289 2027 1423 2091; baseline 0.001 -17"><span class='ocrx_word' id='word_1_171' title='bbox 289 2027 495 2075; x_wconf 84' lang='lat' dir='ltr'><strong>Oonnixi</strong></span> <span class='ocrx_word' id='word_1_172' title='bbox 516 2028 767 2075; x_wconf 84' lang='lat' dir='ltr'><strong>incurrunt</strong></span> <span class='ocrx_word' id='word_1_173' title='bbox 789 2029 956 2086; x_wconf 87' lang='lat' dir='ltr'><strong>hastis,</strong></span> <span class='ocrx_word' id='word_1_174' title='bbox 979 2029 1212 2091; x_wconf 86' lang='lat' dir='ltr'><strong>primique</strong></span> <span class='ocrx_word' id='word_1_175' title='bbox 1234 2028 1423 2075; x_wconf 90' lang='lat' dir='ltr'><strong>ruinam</strong></span> 
     </span>
     <span class='ocr_line' id='line_1_29' title="bbox 288 2093 1653 2157; baseline 0.001 -17"><span class='ocrx_word' id='word_1_176' title='bbox 288 2093 427 2141; x_wconf 86' lang='lat' dir='ltr'><strong>Dant</strong></span> <span class='ocrx_word' id='word_1_177' title='bbox 451 2094 609 2141; x_wconf 88' lang='lat' dir='ltr'><strong>sonitu</strong></span> <span class='ocrx_word' id='word_1_178' title='bbox 634 2093 835 2156; x_wconf 85' lang='lat' dir='ltr'><strong>ingenti,</strong></span> <span class='ocrx_word' id='word_1_179' title='bbox 859 2095 1185 2157; x_wconf 87' lang='lat' dir='ltr'><strong>perfractaque</strong></span> <span class='ocrx_word' id='word_1_180' title='bbox 1209 2094 1653 2157; x_wconf 84' lang='lat' dir='ltr'><strong>quadrupedantum</strong></span> 
     </span>
     <span class='ocr_line' id='line_1_30' title="bbox 288 2158 1874 2223; baseline 0.001 -17"><span class='ocrx_word' id='word_1_181' title='bbox 288 2158 493 2207; x_wconf 86' lang='lat' dir='ltr'><strong>Pectora</strong></span> <span class='ocrx_word' id='word_1_182' title='bbox 514 2161 783 2223; x_wconf 89' lang='lat' dir='ltr'><strong>pectoribus</strong></span> <span class='ocrx_word' id='word_1_183' title='bbox 805 2162 1050 2222; x_wconf 88' lang='lat' dir='ltr'><strong>rumpunt.</strong></span> <span class='ocrx_word' id='word_1_184' title='bbox 1120 2160 1362 2207; x_wconf 86' lang='lat' dir='ltr'><strong>Excussus</strong></span> <span class='ocrx_word' id='word_1_185' title='bbox 1385 2161 1629 2207; x_wconf 88' lang='lat' dir='ltr'><strong>Aconteus</strong></span> <span class='ocrx_word' id='word_1_186' title='bbox 1777 2161 1874 2207; x_wconf 80' lang='lat'><strong>615</strong></span> 
     </span>
     <span class='ocr_line' id='line_1_31' title="bbox 289 2223 1570 2289; baseline 0.001 -17"><span class='ocrx_word' id='word_1_187' title='bbox 289 2223 527 2272; x_wconf 82' lang='lat' dir='ltr'><strong>Fulminis</strong></span> <span class='ocrx_word' id='word_1_188' title='bbox 549 2226 600 2271; x_wconf 90' lang='lat' dir='ltr'><strong>in</strong></span> <span class='ocrx_word' id='word_1_189' title='bbox 624 2242 818 2284; x_wconf 90' lang='lat' dir='ltr'><strong>morem,</strong></span> <span class='ocrx_word' id='word_1_190' title='bbox 843 2229 928 2273; x_wconf 90' lang='lat' dir='ltr'><strong>aut</strong></span> <span class='ocrx_word' id='word_1_191' title='bbox 950 2229 1193 2273; x_wconf 88' lang='lat' dir='ltr'><strong>tormento</strong></span> <span class='ocrx_word' id='word_1_192' title='bbox 1215 2226 1436 2289; x_wconf 88' lang='lat' dir='ltr'><strong>ponderis</strong></span> <span class='ocrx_word' id='word_1_193' title='bbox 1460 2225 1570 2286; x_wconf 83' lang='lat' dir='ltr'><strong>acti,</strong></span> 
     </span>
     <span class='ocr_line' id='line_1_32' title="bbox 289 2289 1495 2355; baseline 0.002 -18"><span class='ocrx_word' id='word_1_194' title='bbox 289 2289 567 2353; x_wconf 78' lang='lat' dir='ltr'><strong>Praecipitat</strong></span> <span class='ocrx_word' id='word_1_195' title='bbox 589 2291 744 2354; x_wconf 90' lang='lat' dir='ltr'><strong>longe,</strong></span> <span class='ocrx_word' id='word_1_196' title='bbox 769 2295 818 2339; x_wconf 90' lang='lat' dir='ltr'><strong>et</strong></span> <span class='ocrx_word' id='word_1_197' title='bbox 840 2292 992 2339; x_wconf 87' lang='lat' dir='ltr'><strong>vitam</strong></span> <span class='ocrx_word' id='word_1_198' title='bbox 1016 2292 1247 2355; x_wconf 86' lang='lat' dir='ltr'><strong>dispergit</strong></span> <span class='ocrx_word' id='word_1_199' title='bbox 1269 2292 1320 2338; x_wconf 91' lang='lat' dir='ltr'><strong>in</strong></span> <span class='ocrx_word' id='word_1_200' title='bbox 1343 2308 1495 2340; x_wconf 72' lang='lat' dir='ltr'><strong>auras·</strong></span> 
     </span>
     <span class='ocr_line' id='line_1_33' title="bbox 289 2355 1368 2420; baseline 0.002 -18"><span class='ocrx_word' id='word_1_201' title='bbox 289 2355 550 2418; x_wconf 87' lang='lat' dir='ltr'><strong>Extemplo</strong></span> <span class='ocrx_word' id='word_1_202' title='bbox 572 2357 783 2404; x_wconf 87' lang='lat' dir='ltr'><strong>turbatae</strong></span> <span class='ocrx_word' id='word_1_203' title='bbox 805 2357 940 2415; x_wconf 88' lang='lat' dir='ltr'><strong>acies,</strong></span> <span class='ocrx_word' id='word_1_204' title='bbox 963 2358 1178 2420; x_wconf 85' lang='lat' dir='ltr'><strong>versique</strong></span> <span class='ocrx_word' id='word_1_205' title='bbox 1202 2357 1368 2404; x_wconf 90' lang='lat' dir='ltr'><strong>Latini</strong></span> 
     </span>
     <span class='ocr_line' id='line_1_34' title="bbox 289 2420 1520 2485; baseline 0.002 -18"><span class='ocrx_word' id='word_1_206' title='bbox 289 2420 536 2484; x_wconf 83' lang='lat' dir='ltr'><strong>Rejiciunt</strong></span> <span class='ocrx_word' id='word_1_207' title='bbox 558 2438 759 2484; x_wconf 89' lang='lat' dir='ltr'><strong>parmas,</strong></span> <span class='ocrx_word' id='word_1_208' title='bbox 783 2425 833 2469; x_wconf 91' lang='lat' dir='ltr'><strong>et</strong></span> <span class='ocrx_word' id='word_1_209' title='bbox 857 2438 1002 2485; x_wconf 88' lang='lat' dir='ltr'><strong>equos</strong></span> <span class='ocrx_word' id='word_1_210' title='bbox 1026 2423 1087 2468; x_wconf 88' lang='lat' dir='ltr'><strong>ad</strong></span> <span class='ocrx_word' id='word_1_211' title='bbox 1108 2423 1286 2470; x_wconf 88' lang='lat' dir='ltr'><strong>moenia</strong></span> <span class='ocrx_word' id='word_1_212' title='bbox 1306 2424 1520 2470; x_wconf 89' lang='lat' dir='ltr'><strong>vertunt.</strong></span> 
     </span>
    </p>
   </div>
   <div class='ocr_carea' id='block_1_4' title="bbox 288 2486 1988 2678">
    <p class='ocr_par' dir='ltr' id='par_1_5' title="bbox 288 2486 1988 2684">
     <span class='ocr_line' id='line_1_35' title="bbox 288 2486 1876 2550; baseline 0.001 -16"><span class='ocrx_word' id='word_1_213' title='bbox 288 2486 439 2535; x_wconf 65' lang='lat' dir='ltr'><strong>Troes</strong></span> <span class='ocrx_word' id='word_1_214' title='bbox 460 2489 643 2550; x_wconf 51' lang='lat' dir='ltr'><strong>¹agunt3</strong></span> <span class='ocrx_word' id='word_1_215' title='bbox 677 2488 893 2550; x_wconf 88' lang='lat' dir='ltr'><strong>princeps</strong></span> <span class='ocrx_word' id='word_1_216' title='bbox 916 2491 1100 2534; x_wconf 89' lang='lat' dir='ltr'><strong>turmas</strong></span> <span class='ocrx_word' id='word_1_217' title='bbox 1123 2488 1309 2535; x_wconf 87' lang='lat' dir='ltr'><strong>inducit</strong></span> <span class='ocrx_word' id='word_1_218' title='bbox 1331 2488 1519 2550; x_wconf 80' lang='lat' dir='ltr'><strong>Asylas.</strong></span> <span class='ocrx_word' id='word_1_219' title='bbox 1777 2489 1876 2536; x_wconf 86' lang='lat'><strong>620</strong></span> 
     </span>
     <span class='ocr_line' id='line_1_36' title="bbox 288 2546 1988 2616; baseline 0.001 -17"><span class='ocrx_word' id='word_1_220' title='bbox 288 2551 496 2616; x_wconf 85' lang='lat' dir='ltr'><strong>Jamque</strong></span> <span class='ocrx_word' id='word_1_221' title='bbox 519 2553 900 2616; x_wconf 87' lang='lat' dir='ltr'><strong>propinquabant</strong></span> <span class='ocrx_word' id='word_1_222' title='bbox 922 2554 1088 2616; x_wconf 89' lang='lat' dir='ltr'><strong>portis,</strong></span> <span class='ocrx_word' id='word_1_223' title='bbox 1111 2570 1365 2616; x_wconf 89' lang='lat' dir='ltr'><strong>rursusque</strong></span> <span class='ocrx_word' id='word_1_224' title='bbox 1389 2553 1554 2600; x_wconf 84' lang='lat' dir='ltr'><strong>Latini</strong></span> <span class='ocrx_word' id='word_1_225' title='bbox 1975 2546 1988 2595; x_wconf 66' lang='lat'><strong>1</strong></span> 
     </span>
     <span class='ocr_line' id='line_1_37' title="bbox 289 2596 1988 2678; baseline 0.001 -14"><span class='ocrx_word' id='word_1_226' title='bbox 289 2617 557 2666; x_wconf 82' lang='lat' dir='ltr'><strong>Clamorem</strong></span> <span class='ocrx_word' id='word_1_227' title='bbox 579 2618 773 2678; x_wconf 91' lang='lat' dir='ltr'><strong>tollunt,</strong></span> <span class='ocrx_word' id='word_1_228' title='bbox 797 2622 847 2667; x_wconf 91' lang='lat' dir='ltr'><strong>et</strong></span> <span class='ocrx_word' id='word_1_229' title='bbox 870 2620 1031 2666; x_wconf 89' lang='lat' dir='ltr'><strong>mollia</strong></span> <span class='ocrx_word' id='word_1_230' title='bbox 1054 2620 1174 2667; x_wconf 90' lang='lat' dir='ltr'><strong>colla</strong></span> <span class='ocrx_word' id='word_1_231' title='bbox 1195 2620 1476 2677; x_wconf 83' lang='lat' dir='ltr'><strong>reflectunt3</strong></span> <span class='ocrx_word' id='word_1_232' title='bbox 1977 2596 1988 2676; x_wconf 58' lang='grc' dir='ltr'><strong>ἒ,</strong></span> 
     </span>
    </p>
   </div>
   <div class='ocr_carea' id='block_1_5' title="bbox 286 2682 1871 3017">
    <p class='ocr_par' dir='ltr' id='par_1_6' title="bbox 288 2682 1575 2748">
     <span class='ocr_line' id='line_1_38' title="bbox 288 2682 1575 2748; baseline 0.002 -19"><span class='ocrx_word' id='word_1_233' title='bbox 288 2682 362 2729; x_wconf 88' lang='lat' dir='ltr'><strong>Hi</strong></span> <span class='ocrx_word' id='word_1_234' title='bbox 384 2684 591 2747; x_wconf 87' lang='lat' dir='ltr'><strong>fugiunt,</strong></span> <span class='ocrx_word' id='word_1_235' title='bbox 615 2685 899 2748; x_wconf 89' lang='lat' dir='ltr'><strong>penitusque</strong></span> <span class='ocrx_word' id='word_1_236' title='bbox 923 2685 1046 2732; x_wconf 89' lang='lat' dir='ltr'><strong>datis</strong></span> <span class='ocrx_word' id='word_1_237' title='bbox 1070 2686 1342 2733; x_wconf 90' lang='lat' dir='ltr'><strong>referuntur</strong></span> <span class='ocrx_word' id='word_1_238' title='bbox 1362 2684 1575 2732; x_wconf 88' lang='lat' dir='ltr'><strong>habenis.</strong></span> 
     </span>
    </p>

    <p class='ocr_par' dir='ltr' id='par_1_7' title="bbox 289 2749 1481 2815">
     <span class='ocr_line' id='line_1_39' title="bbox 289 2749 1481 2815; baseline 0.002 -21"><span class='ocrx_word' id='word_1_239' title='bbox 289 2749 453 2806; x_wconf 78' lang='lat' dir='ltr'><strong>Qualis</strong></span> <span class='ocrx_word' id='word_1_240' title='bbox 476 2750 559 2796; x_wconf 90' lang='lat' dir='ltr'><strong>ubi</strong></span> <span class='ocrx_word' id='word_1_241' title='bbox 582 2750 764 2798; x_wconf 87' lang='lat' dir='ltr'><strong>alterno</strong></span> <span class='ocrx_word' id='word_1_242' title='bbox 788 2767 1066 2814; x_wconf 89' lang='lat' dir='ltr'><strong>procurrens</strong></span> <span class='ocrx_word' id='word_1_243' title='bbox 1090 2752 1282 2815; x_wconf 88' lang='lat' dir='ltr'><strong>gurgite</strong></span> <span class='ocrx_word' id='word_1_244' title='bbox 1303 2753 1481 2813; x_wconf 88' lang='lat' dir='ltr'><strong>pontus</strong></span> 
     </span>
    </p>

    <p class='ocr_par' dir='ltr' id='par_1_8' title="bbox 287 2813 1871 2946">
     <span class='ocr_line' id='line_1_40' title="bbox 287 2813 1871 2880; baseline 0.004 -20"><span class='ocrx_word' id='word_1_245' title='bbox 287 2813 433 2861; x_wconf 87' lang='lat' dir='ltr'><strong>Nunc</strong></span> <span class='ocrx_word' id='word_1_246' title='bbox 455 2815 554 2862; x_wconf 92' lang='lat' dir='ltr'><strong>ruit</strong></span> <span class='ocrx_word' id='word_1_247' title='bbox 577 2816 637 2862; x_wconf 87' lang='lat' dir='ltr'><strong>ad</strong></span> <span class='ocrx_word' id='word_1_248' title='bbox 659 2819 824 2876; x_wconf 87' lang='lat' dir='ltr'><strong>terras,</strong></span> <span class='ocrx_word' id='word_1_249' title='bbox 849 2817 1155 2880; x_wconf 86' lang='lat' dir='ltr'><strong>scopulosque</strong></span> <span class='ocrx_word' id='word_1_250' title='bbox 1179 2817 1430 2880; x_wconf 86' lang='lat' dir='ltr'><strong>superjacit</strong></span> <span class='ocrx_word' id='word_1_251' title='bbox 1453 2815 1632 2863; x_wconf 88' lang='lat' dir='ltr'><strong>undam</strong></span> <span class='ocrx_word' id='word_1_252' title='bbox 1774 2818 1871 2867; x_wconf 87' lang='lat'><strong>625</strong></span> 
     </span>
     <span class='ocr_line' id='line_1_41' title="bbox 288 2878 1550 2946; baseline 0.002 -21"><span class='ocrx_word' id='word_1_253' title='bbox 288 2878 535 2940; x_wconf 87' lang='lat' dir='ltr'><strong>Spumeus,</strong></span> <span class='ocrx_word' id='word_1_254' title='bbox 559 2883 914 2945; x_wconf 87' lang='lat' dir='ltr'><strong>extremamque</strong></span> <span class='ocrx_word' id='word_1_255' title='bbox 937 2883 1046 2930; x_wconf 90' lang='lat' dir='ltr'><strong>sinu</strong></span> <span class='ocrx_word' id='word_1_256' title='bbox 1066 2882 1309 2946; x_wconf 89' lang='lat' dir='ltr'><strong>perfundit</strong></span> <span class='ocrx_word' id='word_1_257' title='bbox 1333 2898 1550 2940; x_wconf 87' lang='lat' dir='ltr'><strong>arenam;</strong></span> 
     </span>
    </p>

    <p class='ocr_par' dir='ltr' id='par_1_9' title="bbox 286 2943 1628 3017">
     <span class='ocr_line' id='line_1_42' title="bbox 286 2943 1628 3017; baseline 0.007 -25"><span class='ocrx_word' id='word_1_258' title='bbox 286 2943 433 2993; x_wconf 88' lang='lat' dir='ltr'><strong>Nunc</strong></span> <span class='ocrx_word' id='word_1_259' title='bbox 455 2946 645 3011; x_wconf 83' lang='lat' dir='ltr'><strong>rapidus</strong></span> <span class='ocrx_word' id='word_1_260' title='bbox 667 2950 810 3010; x_wconf 81' lang='lat' dir='ltr'><strong>retr0,</strong></span> <span class='ocrx_word' id='word_1_261' title='bbox 835 2951 978 3017; x_wconf 85' lang='lat' dir='ltr'><strong>atque</strong></span> <span class='ocrx_word' id='word_1_262' title='bbox 1001 2952 1124 3000; x_wconf 87' lang='lat' dir='ltr'><strong>aestu</strong></span> <span class='ocrx_word' id='word_1_263' title='bbox 1145 2948 1360 3000; x_wconf 82' lang='lat' dir='ltr'><strong>revoluta</strong></span> <span class='ocrx_word' id='word_1_264' title='bbox 1382 2948 1628 3002; x_wconf 74' lang='lat' dir='ltr'><strong>resorbens</strong></span> 
     </span>
    </p>
   </div>
  </div>
 </body>
</html>
