1988 3034
759 139 805 174 P.
828 136 1063 175 VIRGILII
1096 137 1334 178 MARONIS

252 256 532 306 Succinctus
553 257 732 318 trabea,
754 257 965 323 laevaque
987 258 1138 308 ancile
1159 258 1356 323 gerebat

247 321 411 384 Picus,
434 340 609 388 equum
631 324 870 374 domitor:
906 341 1049 388 quem
1071 328 1211 389 capta
1232 324 1451 388 cupidine
1474 323 1645 390 conjux

250 389 411 438 Aurea
430 407 704 453 percussum
727 390 875 455 virga,
898 407 1180 454 versumque
1201 391 1408 452 venenis,
1738 389 1835 438 190

253 455 391 503 Fecit
414 473 550 504 avem
574 456 722 516 Circe,
746 457 1011 520 sparsitque
1035 458 1267 505 coloribus
1291 458 1401 505 alas.

251 519 359 568 Tali
380 522 512 570 intus
534 523 717 586 templo
740 523 906 570 divum
926 523 1173 586 patriaque
1195 523 1399 570 Latinus

252 587 372 635 Sede
394 589 559 636 sedens
582 589 790 637 Teucros
813 590 874 637 ad
897 605 996 637 sese
1017 589 1069 636 in
1090 591 1222 636 tecta
1242 589 1431 636 vocavit
1449 609 1460 648 ;

251 653 414 716 Atque
436 654 542 701 haec
563 654 789 718 ingressis
812 655 996 718 placido
1019 655 1147 718 prior
1170 655 1319 702 edidit
1343 671 1449 703 ore:

318 722 346 744 “
364 719 540 780 Dicite,
564 720 868 780 Dardanidae,
892 738 1044 783 neque
1067 721 1194 768 enim
1217 721 1451 769 nescimus
1475 722 1524 768 et
1547 719 1714 785 urbem
1739 720 1832 768 195

251 784 323 832 Et
345 802 509 848 genus,
533 787 777 850 auditique
801 787 1048 835 advertitis
1070 804 1256 850 aequore
1280 804 1484 846 cursum,

252 850 380 909 Quid
400 851 567 914 petitis
584 851 608 900 i>
643 869 746 916 quae
769 869 910 901 causa
930 855 1070 912 rates,
1095 855 1179 900 aut
1203 853 1336 918 cujus
1359 855 1552 917 egentes

251 914 394 964 Litus
417 917 478 964 ad
500 917 768 966 Ausonium
790 921 869 966 tot
895 936 979 983 per
999 920 1121 967 vada
1143 919 1314 967 caerula
1334 918 1504 967 vexit?

251 981 362 1030 Sive
384 999 538 1031 errore
559 984 663 1044 viae,
688 1001 771 1032 seu
791 986 1160 1048 tempestatibus
1184 986 1362 1045 acti,—

251 1047 421 1106 Qualia
441 1049 594 1098 multa
614 1051 736 1098 mari
756 1054 916 1099 nautae
940 1051 1189 1114 patiuntur
1210 1052 1262 1099 in
1285 1052 1450 1100 alto-—
1737 1051 1834 1097 200

250 1112 488 1163 Fluminis
510 1116 727 1164 intrastis
749 1117 888 1180 ripas,
911 1119 1147 1181 portuque
1170 1118 1369 1166 sedetis:

250 1178 331 1227 Ne
353 1180 507 1244 fugite
529 1181 807 1245 hospitium,
830 1200 949 1231 neve
971 1183 1190 1248 ignorate
1212 1184 1412 1232 Latinos

250 1244 448 1294 Saturni
467 1250 679 1311 gentem,
702 1249 832 1296 haud
853 1249 1011 1297 vinclo
1034 1266 1119 1310 nec
1141 1250 1325 1313 legibus
1347 1265 1548 1314 aequam,

250 1310 433 1375 Sponte
455 1329 541 1361 sua
562 1314 829 1377 veterisque
853 1315 928 1363 dei
952 1333 1001 1364 se
1023 1333 1154 1363 more
1176 1319 1436 1364 tenentem.

250 1377 414 1440 Atque
437 1379 656 1442 equidem
678 1380 1069 1429 memini—fama
1090 1385 1164 1429 est
1188 1382 1428 1430 obscurior
1451 1379 1652 1430 annis—
1737 1380 1833 1427 205

250 1443 502 1492 Auruncos
524 1445 596 1493 ita
616 1446 736 1493 ferre
760 1463 908 1505 senes,
930 1446 1006 1494 his
1031 1450 1164 1496 ortus
1186 1450 1244 1495 ut
1268 1448 1393 1512 agris

250 1507 504 1557 Dardanus
527 1510 686 1559 Idaeas
711 1511 937 1576 Phrygiae
960 1514 1223 1575 penetrarit
1246 1515 1306 1562 ad
1327 1515 1482 1573 urbes,

250 1574 617 1639 Threiciamque
641 1577 851 1636 Samum,
876 1595 980 1640 quae
1003 1596 1131 1626 nunc
1155 1580 1481 1628 Samothracia
1502 1579 1666 1628 fertur.

250 1640 385 1690 Hinc
405 1641 544 1688 illum
568 1641 772 1706 Corythi
796 1643 1046 1707 Tyrrhena
1068 1646 1127 1692 ab
1151 1646 1259 1693 sede
1281 1646 1548 1709 profectum

250 1707 411 1755 Aurea
431 1724 560 1755 nunc
582 1708 699 1756 solio
722 1709 958 1757 stellantis
980 1711 1111 1773 regia
1134 1711 1240 1759 coeli
1737 1710 1834 1758 210

250 1773 456 1835 Accipit,
481 1776 530 1820 et
551 1790 805 1822 numerum
828 1776 1046 1823 divorum
1069 1777 1298 1825 altaribus
1321 1777 1504 1825 addit?
1587 1839 1593 1842 α

317 1838 535 1887 Dixerat.
603 1840 674 1887 Et
698 1841 827 1888 dicta
849 1841 1059 1889 Ilioneus
1083 1843 1150 1891 sic
1171 1860 1286 1891 voce
1309 1846 1498 1891 secutus
1517 1862 1529 1890 ε

252 1907 280 1930 “
299 1903 420 1964 Rex,
444 1921 594 1968 genus
618 1907 863 1970 egregium
887 1907 1057 1967 Fauni,
1081 1925 1167 1956 nee
1189 1909 1414 1957 fluctibus
1438 1910 1569 1957 actos

250 1971 376 2018 Atra
398 1971 588 2034 subegit
610 1972 762 2020 hiems
785 1974 956 2021 vestris
980 1975 1226 2023 Succedere
1247 1976 1402 2036 terriS,

251 2035 358 2083 Nec
381 2037 511 2084 sidus
533 2037 724 2100 regione
747 2039 836 2086 viae
859 2039 1034 2088 litusve
1056 2041 1254 2090 fefellit:
1737 2041 1832 2086 215

252 2101 461 2150 Consilio
482 2103 606 2150 hanc
629 2120 792 2151 omnes
823 2105 1084 2168 animisque
1106 2107 1376 2156 volentibus
1398 2106 1564 2155 urbem

251 2167 524 2227 Afferimur,
546 2169 671 2230 pulsi
692 2169 866 2232 regnis,
890 2187 992 2232 quae
1015 2173 1224 2220 maxima
1245 2173 1485 2236 quondam

251 2232 486 2281 Extremo
507 2234 700 2282 veniens
724 2235 806 2282 Sol
827 2236 1083 2298 aspiciebat
1107 2238 1328 2303 Olympo.

251 2299 332 2346 Ab
356 2299 480 2347 Jove
501 2299 786 2363 principium
809 2302 994 2363 generis
1011 2323 1022 2363 3
1058 2303 1182 2351 Jove
1205 2304 1430 2352 Dardana
1452 2304 1599 2367 pubes

253 2364 446 2412 Gaudet
468 2382 583 2413 avo:
619 2365 726 2413 Rex
746 2366 860 2429 ipse,
885 2366 922 2413 J
923 2368 1023 2415 ovis
1047 2369 1104 2416 de
1126 2372 1271 2433 gente
1293 2387 1524 2436 suprema,
1735 2370 1832 2417 220

253 2429 429 2479 Troius
452 2431 627 2479 AEneas
649 2433 736 2479 tua
757 2448 843 2479 nos
867 2433 928 2479 ad
948 2433 1114 2482 limina
1136 2436 1282 2484 misit.

254 2497 447 2555 Quanta
467 2513 551 2560 per
574 2497 729 2545 Idaeos
753 2497 888 2546 saevis
912 2500 1059 2548 effusa
1081 2501 1302 2565 Mycenis

254 2562 533 2626 Tempestas
555 2563 665 2611 ierit
688 2575 903 2626 campos3
939 2566 1110 2628 quibus
1134 2570 1269 2615 actus
1293 2570 1491 2634 uterque

255 2628 462 2691 Europae
485 2631 629 2693 atque
650 2629 778 2678 Asiae
800 2630 911 2677 fatis
935 2634 1224 2681 concurrerit
1247 2635 1400 2683 orbis:

254 2695 442 2755 Audiit,
465 2697 515 2742 et
538 2695 579 2742 si
601 2711 741 2758 quem
762 2696 903 2743 tellus
926 2700 1138 2747 extrema
1158 2701 1315 2749 refuso
1735 2700 1831 2748 225

255 2760 519 2808 Submovet
542 2760 743 2821 Oceano,
766 2763 816 2808 et
839 2762 879 2808 si
901 2779 1043 2825 quem
1065 2767 1261 2813 extenta
1281 2766 1529 2830 plagarum

256 2826 475 2887 Quatuor
494 2826 547 2875 in
569 2827 724 2877 medio
747 2827 929 2876 dirimit
951 2830 1091 2895 plaga
1115 2831 1236 2879 Solis
1259 2832 1423 2897 iniqui.
