1988 3034
0 0 1988 49 ---.------Ἳ

705 239 751 274 P.
775 237 1010 274 VIRGILII
1031 236 1270 276 MARORIS

197 357 292 406 Ter
314 356 488 406 circum
514 371 745 417 accensos,
770 357 917 406 cincti
937 357 1233 422 fulgentibus
1255 357 1415 420 armis,

196 424 458 472 Decurrere
480 440 648 488 rogos3
682 427 758 472 ter
780 426 1002 472 maestum
1023 425 1201 473 funeris
1223 424 1386 488 ignem

197 490 483 539 Lustravere
505 491 556 538 in
579 490 739 554 equis;
772 491 1076 555 ululatusque
1098 507 1178 539 ore
1200 491 1384 540 dedere.
1681 490 1780 540 190

196 556 449 619 Spargitur
470 559 521 605 et
542 557 685 605 tellus
708 557 928 616 lacrimis,
952 559 1242 621 sparguntur
1265 560 1315 605 et
1337 573 1482 606 arma.

197 621 251 670 It
274 623 392 670 coelo
416 623 683 687 clamorque
705 624 862 671 virum
885 624 1170 687 clangorque
1191 623 1434 672 tubarum.

197 688 331 735 Hinc
355 689 436 736 alii
458 689 607 752 spolia
630 689 793 737 occisis
817 690 1011 752 derepta
1033 689 1221 736 Latinis

198 753 472 818 Conjiciunt
493 756 609 818 igni,
632 756 803 819 galeas,
827 772 1052 819 ensesque
1075 756 1280 815 decoros,

198 819 461 883 Frenaque,
484 821 811 885 ferventesque
833 825 992 881 rotas3
1026 838 1135 885 pars
1158 836 1356 870 munera
1376 821 1508 883 nota,
1681 819 1780 869 195

197 884 421 949 Ipsorum
446 886 634 950 clipeos,
657 890 708 936 ct
731 904 829 936 non
851 888 1005 936 felicia
1025 888 1137 936 tela.

197 951 363 999 Multa
383 953 530 1000 boum
553 954 676 1001 circa
697 956 971 1002 mactantur
993 969 1190 1017 corpora
1210 952 1366 1001 Morti
1383 973 1394 1012 ;

197 1017 550 1082 Saetigerosque
573 1035 679 1067 sues
700 1022 955 1083 raptasque
977 1035 1035 1068 ex
1057 1019 1277 1067 omnibus
1299 1019 1427 1082 agris

199 1082 260 1130 In
282 1084 525 1132 flammam
541 1085 768 1149 jugulant
790 1086 1006 1149 pecudes.
1074 1085 1202 1132 Tum
1222 1085 1362 1133 litore
1383 1084 1492 1132 toto

198 1149 435 1199 Ardentes
458 1154 678 1214 spectant
700 1153 864 1211 socios,
887 1152 1206 1214 semiustaque
1228 1153 1421 1199 servant
1676 1147 1778 1198 200

197 1215 382 1275 Busta3
415 1233 568 1280 neque
591 1217 730 1265 avelli
751 1221 966 1280 possunt,
990 1233 1085 1264 nox
1106 1217 1305 1264 humida
1326 1216 1475 1264 donec

198 1281 410 1330 Invertit
433 1283 607 1331 coelum
628 1283 778 1331 stellis
800 1283 1095 1347 fulgentibus
1118 1285 1301 1346 aptum.

263 1348 369 1397 Nec
391 1349 551 1396 minus
574 1351 625 1397 et
648 1349 808 1397 miseri
830 1350 1016 1398 diversa
1036 1349 1087 1396 in
1108 1351 1245 1412 parte
1267 1347 1433 1395 Latini

197 1413 481 1463 Innumeras
505 1417 718 1464 struxere
739 1432 910 1479 pyras3
943 1418 994 1463 et
1017 1431 1212 1478 corpora
1233 1414 1412 1478 partim

198 1479 364 1529 Multa
384 1481 542 1529 virum
563 1484 704 1530 terrae
726 1482 983 1540 infodiunt,
1007 1484 1263 1543 avectaque
1285 1479 1463 1543 partim
1681 1477 1780 1525 205

198 1546 455 1595 Finitimos
477 1547 658 1596 tollunt
679 1548 730 1595 in
753 1565 905 1612 agros,
927 1548 1132 1611 urbique,
1148 1547 1407 1595 remittunt
1427 1565 1438 1593 z

198 1611 382 1672 Cetera,
406 1614 703 1678 confusaeque
725 1615 971 1678 ingentem
995 1614 1135 1662 caedis
1158 1627 1394 1670 acervum,

196 1677 302 1726 Nec
324 1695 523 1728 numero
545 1697 632 1728 nec
655 1681 834 1728 honore
858 1683 1098 1739 cremant3
1131 1682 1250 1727 tunc
1271 1678 1482 1743 undique
1503 1676 1627 1724 vasti

197 1743 434 1793 Certatim
457 1746 629 1794 crebris
653 1746 889 1794 collucent
911 1747 1102 1810 ignibus
1125 1746 1242 1809 agri.

196 1809 362 1858 Tertia
382 1810 464 1859 lux
487 1812 692 1875 gelidam
715 1813 832 1860 coelo
855 1813 1118 1860 dimoverat
1140 1811 1385 1858 umbram:
1687 1809 1784 1855 210

196 1875 456 1924 Maerentes
479 1878 632 1925 altum
654 1878 859 1926 cinerem
883 1881 932 1925 et
955 1878 1150 1925 confusa
1169 1877 1374 1924 ruebant

197 1941 318 1990 Ossa
338 1943 468 2002 focis,
491 1943 746 2006 tepidoque
770 1944 1030 1992 onerabant
1053 1959 1225 2006 aggere
1246 1945 1401 1990 terrae.

196 2007 233 2054 J
234 2024 312 2056 am
334 2025 446 2056 vero
468 2009 520 2056 in
540 2009 683 2057 tectis
705 2010 966 2073 praedivitis
987 2010 1104 2057 urbe
1127 2007 1292 2055 Latini

196 2073 476 2138 Praecipuus
498 2075 671 2138 fragor,
695 2078 745 2123 et
766 2076 899 2139 longi
920 2092 1028 2139 pars
1050 2075 1258 2122 maxima
1277 2073 1452 2121 luctus.

195 2138 296 2187 Hic
317 2143 510 2200 matres,
532 2142 812 2205 miseraeque
834 2158 995 2201 nurus,
1018 2141 1097 2189 hic
1121 2157 1228 2188 cara
1249 2154 1465 2187 sororum
1687 2135 1782 2183 215

196 2204 400 2255 Pectora
421 2210 723 2266 maerentum,
746 2208 970 2270 puerique
992 2207 1267 2271 parentibus
1290 2205 1408 2264 orbi,

195 2270 373 2320 Dirum
394 2277 699 2321 exsecrantur
720 2274 898 2321 bellum
920 2274 1163 2336 Turnique
1184 2273 1457 2336 hymcnaeos
1475 2289 1486 2328 ;

196 2336 367 2400 Ipsum
390 2339 547 2398 armis,
569 2339 819 2402 ipsumque
835 2340 1009 2402 jubent
1032 2340 1278 2387 decernere
1299 2338 1437 2394 ferro,

198 2403 293 2462 Qui
313 2419 517 2468 regnum
540 2404 695 2452 Italiae
718 2408 768 2452 et
789 2406 966 2468 primos
990 2405 1080 2453 sibi
1101 2406 1266 2467 poscat
1287 2403 1504 2450 honores.

197 2468 431 2533 Ingravat
452 2471 554 2518 haec
577 2486 728 2519 saevus
751 2471 978 2529 Drances,
1002 2469 1247 2531 solumque
1268 2467 1428 2515 vocari
1688 2466 1785 2512 220

196 2535 439 2595 Testatur,
463 2536 619 2584 solum
641 2536 773 2600 posci
794 2536 844 2583 in
869 2536 1129 2585 certamina
1151 2535 1385 2582 Turnum.

197 2600 363 2649 Multa
385 2602 527 2649 simul
549 2605 718 2650 contra
737 2602 879 2649 variis
902 2601 1142 2650 sententia
1163 2600 1303 2648 dictis

198 2666 293 2714 Pro
317 2667 507 2727 Turn03
542 2671 593 2716 et
615 2684 847 2731 magnum
869 2669 1047 2732 reginae
1068 2682 1244 2715 nomen
1266 2662 1520 2713 obumbrat
1540 2683 1551 2722 3

197 2731 362 2780 Multa
381 2734 540 2780 virum
561 2734 746 2782 meritis
769 2737 1011 2782 sustentat
1034 2734 1161 2781 fama
1181 2730 1386 2794 tropaeis.

264 2798 372 2845 Hos
394 2799 523 2847 inter
543 2802 720 2859 motus,
744 2801 901 2848 medio
924 2801 975 2847 in
998 2800 1230 2863 flagrante
1253 2794 1486 2855 tumultu,
1684 2793 1782 2842 225
1974 2813 1988 2855 ς

197 2862 338 2922 Ecce,
362 2880 502 2927 super
523 2866 680 2914 maesti
702 2881 878 2930 magna
901 2866 1147 2914 Diomedis
1171 2865 1230 2912 ab
1251 2862 1368 2910 urbe
1975 2874 1988 2884 ⁹

197 2926 372 2993 Legati
393 2945 616 2995 responsa
636 2931 827 2981 ferunt:
862 2932 981 2980 nihil
1006 2930 1224 2980 omnibus
1247 2930 1410 2978 actum
