1988 3034
734 192 783 229 1⁵.
805 190 1042 230 menn
1063 190 1315 230 maome.

226 306 346 357 ‘Vela
366 307 491 368 dare,
514 310 565 358 et
584 307 716 358 laxos
731 313 836 373 jam
850 311 1046 375 jamque
1067 309 1331 359 immittere
1353 309 1505 360 funes.

225 373 373 422 Illam
393 374 521 423 inter
543 375 690 423 caedes
712 375 972 438 pallentem
994 379 1149 424 morte
1170 377 1335 425 futura

225 438 427 488 Fecerat
448 439 720 504 ignipotens
742 441 883 488 undis
906 444 957 489 et
980 441 1163 505 Iapyge
1185 442 1323 501 ferri3

224 503 409 553 Contra
429 509 590 553 autem
613 522 789 568 magno
811 510 1086 555 maerentem
1110 524 1302 570 corpore
1325 507 1510 569 Nilum,

226 567 616 634 Pandentemque
638 572 783 630 sinus,
807 574 857 619 et
879 575 987 619 tota
1007 575 1141 620 veste
1162 575 1415 621 vocantem

226 633 493 683 Caeruleum
514 636 564 683 in
587 637 823 699 gremium
845 637 1170 700 latebrosaque
1192 638 1390 685 fiumina
1410 637 1580 687 victos.

223 700 296 747 At
319 699 494 758 Oaesar,
515 702 693 765 triplici
714 703 931 750 invectus
958 702 1178 750 Romana
1198 703 1445 766 triumpho

224 764 424 825 Moenia,
447 766 520 813 dis
543 766 683 814 Italis
707 771 874 815 votum
896 768 1165 816 immortale
1187 770 1418 828 sacrabat,

223 829 442 879 Maxima
463 833 733 880 tercentum
755 835 912 881 totam
935 834 1130 881 delubra
1150 851 1234 897 per
1256 834 1454 883 Urbem.

223 893 423 944 Laetitia
442 896 659 960 ludisque
680 898 770 945 viae
791 899 1053 962 plausuque
1075 900 1341 948 fremebant
1358 921 1369 959 ;

223 959 460 1010 Omnibus
481 962 533 1009 in
554 963 747 1026 templis
770 966 980 1011 matrum
1004 965 1190 1023 chorus,
1214 966 1434 1015 omnibus
1458 981 1551 1014 arae
1563 985 1578 1027 ;

223 1027 357 1075 Ante
377 1042 480 1075 aras
502 1030 679 1076 terram
703 1029 810 1076 caesi
832 1033 1040 1078 stravere
1054 1030 1262 1093 juvenci.

221 1089 339 1154 Ipse
360 1093 527 1141 sedens
548 1093 687 1143 niveo
712 1095 957 1142 candentis
979 1096 1143 1143 limine
1167 1095 1341 1145 Phoebi

224 1154 367 1205 Dona
386 1160 683 1223 recognoscit
705 1161 1002 1224 populorum,
1027 1164 1256 1225 aptatque
1279 1161 1492 1226 superbis

223 1220 479 1283 Postibus3
511 1225 739 1273 incedunt
761 1226 904 1274 victae
927 1227 1071 1290 longo
1094 1227 1257 1275 ordine
1278 1231 1463 1292 gentes,

222 1287 379 1346 Quam
400 1289 542 1337 variae
563 1291 754 1354 linguis,
775 1291 947 1339 habitu
967 1295 1071 1339 tam
1092 1293 1239 1340 vestis
1263 1297 1313 1341 et
1336 1294 1496 1342 armis.

219 1351 323 1401 Hic
345 1353 623 1403 Nomadum
644 1373 795 1420 genus
819 1360 869 1404 et
891 1358 1145 1406 discinctos
1170 1359 1408 1407 Mulciber
1430 1359 1588 1419 Afros,

220 1417 323 1466 Hic
344 1417 546 1484 Lelegas
569 1420 806 1484 Carasque
829 1423 1211 1486 sagittiferosque
1234 1424 1443 1473 Gelonos

221 1482 482 1534 Finxerat:
518 1486 791 1549 Euphrates
814 1487 916 1535 ibat
931 1489 1034 1551 jam
1057 1489 1244 1536 mollior
1265 1490 1420 1549 undis,

220 1548 536 1614 Extremique
557 1552 808 1600 hominum
829 1554 1018 1612 Morini,
1042 1553 1335 1618 Rhenusque
1357 1551 1592 1616 bicornis;

220 1613 550 1680 Indomitique
572 1617 738 1675 Dahae,
762 1621 812 1665 et
834 1622 1030 1680 pontem
1052 1619 1330 1682 indignatus
1353 1622 1549 1671 Araxes.

221 1678 357 1728 Talia
377 1697 461 1744 per
482 1682 687 1745 clipeum
707 1683 910 1730 Vulcani
932 1684 1056 1731 dona
1077 1686 1287 1747 parentis

222 1743 450 1806 Miratur,
472 1764 722 1812 rerumque
744 1749 938 1812 ignarus
964 1749 1173 1812 imagine
1193 1752 1387 1814 gaudet,

223 1810 466 1864 Attollens
487 1812 687 1865 humero
708 1814 977 1881 famamque
999 1818 1050 1864 et
1071 1816 1174 1865 fata
1192 1819 1438 1884 nepotum.

1708 436 1809 490 ’710

1709 767 1809 819 715

1707 1094 1810 1146 '720

1707 1423 1807 1474 '725

1706 1751 1808 1802 730
