1988 3034
795 143 838 180 1³.
863 143 1097 180 VIBGILII
1119 143 1357 182 MABOMs

281 260 421 314 Mille
442 264 570 326 fugit
592 262 863 326 refugitque
885 263 1012 311 vias:
1049 266 1101 311 at
1123 263 1310 312 vividus
1333 263 1517 313 Umber

280 329 453 378 Haeret
474 329 626 387 hians,
643 328 746 391 jam
760 329 955 392 jamque
977 331 1128 389 tenet,
1152 330 1410 393 similisque
1430 328 1618 379 tenenti

281 394 529 459 Increpuit
550 394 701 451 malis,
724 410 977 457 morsuque
1000 395 1157 443 elusus
1179 396 1311 443 inani
1333 399 1421 444 est.
1770 394 1867 444 755

281 461 409 508 Tum
430 476 542 509 vero
565 460 775 508 exoritur
797 460 974 509 clamor
994 481 1005 520 ;
1039 461 1245 524 ripaeque
1267 462 1488 524 lacusque

280 526 586 590 Responsant
607 525 743 586 circa,
767 529 817 574 et
840 526 1010 574 coelum
1031 529 1172 575 tonat
1194 543 1334 575 omne
1354 527 1583 576 tumultu.

282 592 373 640 Ille
394 592 536 639 simul
557 591 758 655 fugiens,
782 591 992 640 Rutulos
1015 592 1158 639 simul
1177 593 1391 656 increpat
1414 609 1591 652 omnes,

279 658 490 706 Nomine
513 673 746 720 quemque
767 674 955 717 vocanS,
977 661 1241 723 notumque
1263 659 1493 723 efflagitat
1516 675 1692 708 ensem.

280 724 457 772 AEneas
479 725 684 772 mortem
707 726 888 783 contra,
911 739 1209 788 praesensque
1230 725 1444 774 minatur
1775 726 1870 774 760

280 789 516 848 Exitium,
540 789 581 836 si
603 788 853 852 quisquam
876 790 1043 850 adeat3
1076 792 1319 854 terretque
1340 794 1616 852 trementeS‚

280 855 569 904 Excisurum
591 855 758 903 urbem
780 855 1024 915 minitans,
1048 858 1100 903 et
1122 856 1307 904 saucius
1329 856 1495 906 instat.

281 921 502 983 Quinque
524 920 659 968 orbes
683 921 874 984 explent
897 938 1051 980 cursu,
1074 921 1374 986 totidemque
1394 926 1621 971 retexunt

280 985 398 1034 Huc
418 986 548 1034 illuc.
616 986 787 1049 Neque
809 987 936 1035 enim
958 987 1083 1035 levia
1105 990 1190 1036 aut
1210 988 1392 1037 ludicra
1414 991 1648 1052 petuntur

280 1051 510 1110 Praemia3
545 1053 628 1100 sed
650 1052 802 1099 Turni
824 1054 882 1100 de
904 1053 1007 1100 vita
1028 1055 1079 1100 et
1102 1054 1332 1117 sanguine
1355 1058 1555 1104 certant.
1771 1055 1867 1103 765

280 1117 432 1166 Forte
453 1133 582 1165 sacer
605 1118 774 1165 Fauno
797 1119 921 1166 foliis
945 1119 1146 1166 oleaster
1169 1119 1340 1167 amaris

279 1183 380 1231 Hic
402 1186 616 1242 steterat,
639 1184 800 1232 nautis
823 1184 938 1232 olim
959 1184 1224 1233 venerabile
1245 1185 1459 1249 lignum3

279 1249 468 1297 Servati
490 1265 548 1297 ex
569 1249 710 1297 undis
733 1250 818 1298 ubi
840 1250 985 1314 figere
1008 1250 1133 1298 dona
1154 1250 1371 1299 solebant

279 1315 512 1363 Laurenti
534 1315 659 1373 divo,
682 1318 732 1363 et
754 1317 892 1364 votas
916 1316 1199 1379 suspendere
1221 1319 1393 1365 vestes.

279 1381 374 1429 Sed
394 1380 595 1444 stirpem
615 1381 788 1429 Teucri
810 1382 943 1430 nullo
965 1382 1234 1430 discrimine
1256 1399 1442 1431 sacrum
1771 1382 1869 1432 770

279 1446 597 1505 Sustulerant,
619 1463 739 1510 puro
763 1450 820 1495 ut
841 1450 1037 1510 possent
1059 1464 1334 1497 concurrere
1354 1464 1535 1513 campo,

279 1511 381 1560 Hic
401 1513 543 1560 hasta
563 1512 729 1561 AEneae
752 1512 937 1562 stabat:
972 1514 1068 1561 huc
1089 1514 1298 1577 impetus
1319 1514 1451 1563 illam

279 1577 548 1638 Detulerat,
570 1579 716 1626 fixam
739 1582 790 1626 et
810 1579 942 1628 lenta
962 1579 1014 1626 in
1036 1580 1192 1628 radice
1212 1580 1423 1630 tenebat.

279 1643 509 1692 Incubuit
531 1644 782 1706 voluitque
803 1661 949 1692 manu
972 1646 1232 1694 convellere
1254 1647 1432 1694 ferrum

278 1708 592 1768 DardanideS,
614 1710 806 1772 teloque
830 1711 976 1773 sequi,
1001 1727 1143 1774 quem
1165 1712 1392 1774 prendere
1416 1728 1555 1759 cursu
1770 1711 1832 1760 77
1836 1714 1867 1760 5

279 1772 396 1822 Non
418 1776 623 1837 poterat.
692 1775 820 1822 Tum
842 1792 955 1824 vero
978 1792 1141 1824 amens
1163 1777 1414 1825 formidine
1439 1777 1644 1835 Turnus,

279 1843 307 1865 “
326 1839 505 1899 Faune,
528 1856 707 1904 precor,
730 1841 999 1901 miserere,’'
1024 1841 1211 1905 inquit,
1246 1846 1273 1868 “
1287 1845 1438 1906 tuque
1462 1844 1644 1907 optima
1667 1843 1842 1892 ferrum

278 1905 427 1954 Terra
446 1908 585 1954 tene:
622 1906 749 1954 colui
769 1909 954 1954 vestros
977 1907 1018 1954 si
1040 1923 1225 1970 semper
1240 1908 1457 1966 honoreS,

279 1971 409 2029 Quos
431 1974 599 2020 contra
620 1971 846 2019 AEneadae
866 1972 990 2020 bello
1012 1972 1163 2021 fecere
1183 1973 1453 2035 profanos.”

278 2037 435 2095 Dixit,
458 2053 689 2101 opemque
712 2037 790 2085 dei
811 2054 909 2086 non
932 2053 1065 2086 cassa
1084 2038 1137 2086 in
1159 2041 1274 2086 vota
1294 2040 1501 2088 vocavit.
1766 2041 1866 2089 780

278 2102 505 2166 Namque
528 2103 611 2150 diu
632 2103 834 2162 luctans,
857 2104 1081 2167 lentoque
1103 2105 1156 2151 in
1178 2104 1326 2169 stirpe
1347 2108 1577 2166 moretm,

278 2167 472 2216 Viribus
495 2169 626 2216 haud
647 2169 757 2216 ullis
779 2169 932 2217 valuit
955 2170 1218 2218 discludere
1239 2186 1423 2219 morsus

278 2232 483 2283 Roboris
506 2235 696 2282 AEneas.
765 2235 898 2282 Dum
920 2235 1098 2283 nititur
1119 2252 1239 2294 acer,
1262 2239 1312 2284 et
1333 2237 1501 2296 instat,

278 2299 465 2347 Rursus
486 2299 539 2347 in
561 2300 740 2362 aurigae
762 2300 931 2348 faciem
951 2303 1142 2348 mutata
1164 2301 1360 2350 Metisci

278 2363 538 2424 Procurrit,
561 2366 791 2427 fratrique
814 2382 975 2414 ensem
998 2366 1085 2414 dea
1106 2366 1298 2414 Daunia
1318 2367 1491 2414 reddit.
1763 2368 1859 2418 '785

277 2430 419 2489 Quod
440 2431 604 2480 Venus
627 2431 793 2478 audaci
815 2431 1062 2495 Nymphae
1082 2432 1334 2495 indignata
1354 2433 1495 2481 licere

277 2496 507 2554 Accessit,
530 2496 774 2560 telumque
797 2497 897 2544 alta
919 2498 979 2545 ab
1001 2496 1157 2546 radice
1178 2498 1379 2546 revellit.

276 2561 373 2608 Olli
395 2561 635 2619 sublimes,
657 2562 802 2610 armis
823 2562 1086 2625 animisque
1106 2563 1284 2621 refecti,

276 2626 376 2674 Hic
398 2627 559 2690 gladio
581 2628 746 2686 fidenS,
769 2628 849 2676 hic
871 2644 977 2675 acer
999 2631 1050 2676 et
1071 2629 1246 2676 arduus
1268 2630 1422 2689 hasta,

275 2692 538 2741 Adsistunt
559 2695 726 2741 contra
747 2694 1006 2742 certamine
1028 2694 1204 2742 Martis
1226 2695 1399 2742 anheli.
1760 2692 1861 2747 &2²10

340 2757 377 2803 J
378 2775 586 2806 unonem
608 2759 790 2807 interea
813 2759 921 2807 Rex
943 2760 1285 2823 omnipotentis
1309 2760 1506 2828 Olympi

274 2822 563 2890 Alloquitur,
585 2824 717 2874 fulva
737 2842 923 2891 pugnas
946 2826 1005 2875 de
1025 2827 1151 2875 nube
1171 2827 1415 2876 tuentem:
