1988 3034
738 165 980 205 mofl
1002 169 1104 205 m.
1127 170 1182 207 Χ.

163 287 191 313 “
210 285 529 352 Omnipotens
549 285 756 351 genitor,
775 285 967 336 tanton’
992 301 1071 336 me
1091 284 1290 337 crimine
1310 286 1514 372 &32³¹ss

161 351 378 412 Duxisti,
400 355 452 401 et
472 353 596 401 tales
619 351 816 402 voluisti
837 351 1099 417 expendere
1121 370 1285 419 poenas
1302 352 1327 403 ἒ

162 418 272 478 Quo
292 419 418 467 feror
434 417 459 468 i>
481 418 609 467 unde
631 418 727 467 abii
744 418 769 468 Ρ
792 434 901 485 quae
921 435 1000 468 me
1021 420 1151 483 fuga,
1174 435 1377 484 quemve
1396 419 1631 486 reducet?
1655 420 1756 472 670

162 483 481 533 Laurentisne
510 485 690 533 iterum
711 501 874 534 muros
897 487 984 534 aut
1006 489 1163 534 castra
1182 485 1353 535 videbo
1375 485 1400 536 Ρ
1507 484 1510 491 ’

162 550 291 609 Quid
312 566 482 600 manus
503 551 586 599 illa
607 551 779 610 virum,
802 551 885 614 qui
906 568 985 600 me
1006 567 1204 615 meaque
1226 556 1359 610 arma
1380 552 1534 603 secuti
1549 552 1574 603 ἓ

162 616 370 676 Quosne,
391 616 551 666 nefas!
583 632 749 666 omnes
770 617 966 666 infanda
985 617 1037 665 in
1058 620 1214 666 morte
1235 616 1405 684 reliqui
1421 616 1446 668 θ’
1527 617 1532 620 ’
1558 615 1564 620 ’

160 680 235 730 Et
256 699 385 731 nunc
406 684 621 747 palantes
642 682 794 742 video,
817 684 1147 747 gemitumque
1169 683 1426 734 cadentum

161 746 375 813 Accipio.
443 748 573 807 Quid
592 764 684 813 ago
701 748 726 797 Ρ
759 751 847 796 aut
869 765 973 812 quae
987 749 1092 812 jam
1113 750 1231 798 satis
1252 750 1352 798 ima
1372 749 1589 809 dehiscat
1656 749 1720 810 67
1721 752 1754 801 5

162 812 312 863 Terra
332 813 453 862 mihi
469 813 494 862 Ρ
526 829 612 863 voc
633 813 663 863 o
685 813 848 877 potius
869 814 1171 874 miserescite,
1193 815 1344 875 venti,
1444 815 1448 818 ’
1520 815 1523 817 ’

164 878 228 928 In
249 896 405 944 rupes,
426 879 479 927 in
499 879 841 928 saxa—volens
863 895 950 928 vos
973 879 1165 928 Turnus
1188 880 1399 930 adoro—

163 945 310 994 Ferte
329 948 499 1004 ratem,
521 944 753 1008 saevisque
773 945 908 994 vadis
928 945 1184 994 immittite
1205 945 1379 1011 Syrtis,

163 1010 271 1070 Quo
291 1027 445 1075 neque
466 1026 544 1059 me
566 1010 756 1070 Rutuli,
773 1027 861 1060 nec
882 1011 1070 1060 conscia
1090 1011 1220 1060 fama
1239 1012 1519 1080 sequatur.’¹

161 1076 289 1126 Hoc
309 1093 592 1136 memoranS,
614 1076 776 1126 animo
796 1094 925 1127 nunc
947 1077 1056 1137 huc,
1079 1094 1208 1141 nunc
1229 1078 1599 1147 fluctuatill1103
1656 1080 1755 1143 680

161 1142 244 1192 An
265 1159 367 1192 sese
387 1158 614 1199 mucrone
634 1142 698 1192 ob
718 1145 915 1193 tantum
936 1144 1139 1195 dedecus
1161 1160 1324 1198 amens
1404 1143 1410 1147 ⁴
1430 1144 1435 1146 ’
1468 1143 1490 1149 ”
1678 1160 1681 1162 ·
1701 1145 1704 1147 ’

161 1207 359 1267 Induat,
381 1211 434 1258 et
454 1209 655 1258 crudum
676 1225 762 1273 per
782 1213 939 1261 costas
961 1210 1123 1275 exigat
1145 1228 1334 1273 ensem3

163 1273 419 1324 Fluctibus
440 1291 503 1323 an
517 1275 669 1338 jaciat
690 1276 873 1335 mediis,
896 1278 948 1325 et
969 1276 1114 1325 litora
1133 1278 1293 1326 nando
1330 1278 1335 1283 ’

163 1339 324 1390 Curva
343 1343 495 1405 petat,
517 1341 849 1405 Teucrumque
870 1342 1049 1391 iterum
1071 1359 1123 1392 se
1144 1344 1314 1393 reddat
1334 1342 1388 1392 in
1410 1360 1555 1409 arma.

162 1405 260 1456 Ter
280 1410 482 1455 conatus
503 1410 756 1471 utramque
778 1408 907 1456 viam
922 1428 935 1455 ·.
968 1411 1046 1458 ter
1067 1409 1275 1458 maxima
1296 1407 1433 1462 Junci
1518 1403 1533 1411 ’
1655 1411 1756 1478 685

163 1470 420 1521 continuit
438 1492 451 1529 ;
478 1473 798 1538 juvenemque
820 1474 967 1522 animi
989 1475 1214 1523 miserata
1234 1471 1476 1540 repres‘s'it.

163 1536 369 1587 Labitur
389 1538 489 1587 alta
509 1555 674 1587 secans
694 1540 938 1603 fluctuque
960 1543 1178 1604 oestuque
1200 1541 1407 1592 secundo
1426 1562 1438 1602 ;

163 1602 236 1652 Et
257 1604 407 1669 patris
429 1604 680 1667 antiquam
702 1605 866 1653 Dauni
886 1606 1098 1654 defertur
1120 1607 1181 1654 ad
1202 1608 1384 1656 urbem.

228 1672 303 1718 At
323 1669 357 1718 J
362 1670 465 1719 ovis
485 1671 669 1719 interea
688 1670 887 1719 monitis
910 1671 1182 1734 Mezentius
1205 1673 1375 1723 ardens

162 1734 388 1785 Succedit
408 1752 599 1800 pugnae,
622 1736 923 1801 Teucrosque
947 1737 1133 1786 invadit
1155 1741 1370 1787 ovantes.
1658 1741 1758 1794 690

164 1801 471 1851 Concurrunt
491 1801 752 1867 Tyrrhenae
774 1802 912 1862 acies,
935 1805 1079 1867 atque
1101 1804 1323 1853 omnibus
1344 1805 1444 1867 uni,

164 1866 268 1917 Uni
288 1867 503 1932 odiisque
521 1868 627 1917 viro
647 1868 852 1932 telisque
872 1869 1201 1933 frequentibus
1223 1870 1426 1921 instant.

165 1932 272 1993 Ille,
293 1933 431 1983 velut
451 1950 592 1998 rupea
613 1937 807 1983 vastum
829 1951 934 1998 quae
955 1936 1117 2000 prodit
1138 1936 1189 1984 in
1216 1951 1393 2003 aequor,

165 1999 323 2049 Obvia
341 2002 596 2049 ventorum
618 2000 768 2059 furiis,
791 2004 1080 2065 expostaque
1103 2005 1268 2066 ponto,
1368 2001 1396 2008 ’“

163 2063 282 2115 vim
303 2068 528 2115 cunctam
549 2068 694 2128 atque
716 2066 869 2114 minas
891 2067 1071 2131 perfert
1093 2067 1293 2131 coelique
1314 2066 1567 2142 marisque,
1655 2069 1754 2129 695

165 2130 284 2196 Ipsa
302 2131 506 2180 immota
525 2147 751 2180 manemz
785 2131 968 2196 prolem
989 2132 1299 2182 Dolichaonis
1321 2130 1566 2200 Hebrmn''

166 2196 355 2247 Sternit
374 2196 527 2257 humi,
549 2213 660 2246 cum
682 2213 777 2261 quo
799 2197 1056 2263 Latagum,
1081 2198 1397 2265 Palmumque
1421 2201 1635 2267 fugacem
1656 2221 1665 2249 z

166 2262 264 2313 Sed
284 2262 527 2330 Latagum
549 2279 663 2313 saxo
683 2266 829 2328 atque
849 2264 1038 2329 ingenti
1058 2264 1293 2330 fragmine
1312 2259 1495 2333 montis
1520 2263 1524 2267 ’

168 2329 387 2405 Occupat
407 2343 461 2379 oa
482 2329 743 2392 faciemque
764 2329 1010 2379 adversam
1028 2350 1040 2390 ;
1073 2330 1255 2397 poplite
1278 2328 1502 2399 Palmum

165 2393 362 2445 fluocuo
383 2394 513 2444 volvi
533 2409 730 2461 segnem
745 2395 891 2455 sinit3
924 2412 1150 2462 armaque
1169 2394 1331 2447 Lauso
1661 2397 1758 2458 700

167 2458 337 2511 Donat
357 2459 531 2510 babere
551 2460 778 2520 humeris,
801 2464 853 2511 et
872 2461 1052 2512 vertice
1072 2463 1220 2540 figere
1242 2463 1424 2514 cristas.

167 2525 277 2576 Nec
297 2542 395 2576 non
416 2525 677 2577 Evanthen
701 2525 988 2592 Phrygium,
1012 2526 1197 2578 Paridis
1231 2545 1290 2578 ue
1313 2526 1557 2594 Mimanta

167 2589 425 2706 AEqmlcm
445 2593 793 2656 comitemque:
828 2605 925 2641 una
946 2609 1087 2671 quem
1110 2610 1141 2642 n
1274 2591 1472 2659 Theano

168 2655 236 2707 In
276 2673 412 2707 noem
433 2658 642 2723 genitori
663 2659 851 2722 Amyco
873 2658 1022 2718 dedit,
1045 2662 1095 2708 et
1116 2660 1219 2709 face
1239 2674 1495 2728 praegnan-

169 2721 349 2773 Giueln
369 2722 537 2789 regina
556 2722 733 2773 Parin:
770 2723 907 2773 Paris
927 2725 1045 2773 urbe
1066 2727 1266 2789 paterna
1354 2739 1358 2742 ·
1660 2724 1759 2788 ἵοδ

170 2786 417 2848 Occubat3
450 2788 462 2800 ⁶
533 2804 668 2838 arum
692 2788 906 2838 Laurens
927 2789 1076 2838 babet
1096 2804 1180 2839 ora
1201 2789 1459 2844 Mimanta.

171 2853 247 2906 Ao
267 2853 403 2906 velut
425 2853 436 2865 '
522 2869 698 2909 canum
718 2870 883 2908 morsu
903 2854 963 2907 de
984 2854 1229 2909 montibus
1249 2855 1363 2908 alti·
