1988 3034
693 105 935 147 mos
954 106 1135 146 Ian-1.

54 284 57 285 γ
119 232 169 283 Δ
305 226 1419 294 iterumin'l'eucrosAEtolissurgitabArpis

121 297 198 364 Τ]
235 298 348 348 ‘dem
370 307 374 310 ·
414 294 657 360 Equidem
678 294 841 356 credo,
857 311 965 344 mea
983 293 1183 344 vulnera
1200 295 1405 358 restant,
1669 355 1671 357 ι

120 364 195 415 Et
214 366 305 413 tua
322 362 572 429 progenies
593 361 817 412 mortalia
837 361 1056 411 demoror
1078 359 1236 412 arma!
1647 353 1718 410 80

122 429 177 480 ni
197 430 299 480 sine
319 446 435 495 pace
455 431 546 478 tua
565 429 711 494 atque
731 427 886 477 invito
908 427 1104 477 numine
1127 425 1279 478 Troes

123 497 322 547 Italiam
340 493 741 561 petiere,—luant
761 496 986 559 peccata3
1020 510 1175 559 neque
1195 493 1303 544 illos

124 563 162 613 J
161 563 319 613 uveris
340 562 542 611 auxilio:
576 561 653 610 sin
673 563 753 611 tot
773 577 999 626 responsa
1019 559 1189 621 secuti,

125 630 247 690 Qua
270 628 429 694 superi
449 644 706 692 manesque
727 626 1074 688 dabant‚—cur
1094 643 1223 676 nunc
1244 626 1332 675 tua
1353 625 1605 691 quisquam

124 695 325 746 Vertere
338 695 474 760 jussa
492 696 655 759 potest
670 692 695 744 ἓ
728 695 816 742 aut
838 710 924 742 cur
944 709 1070 742 nova
1090 691 1290 741 condere
1312 693 1413 741 fata
1428 692 1453 743 Ρ
1652 691 1716 741 35

126 760 256 823 Quid
276 764 491 826 repetam
511 762 703 809 exustas
724 758 938 824 Erycino
960 758 1013 806 in
1033 757 1174 806 litore
1196 757 1368 807 classes
1385 757 1410 808 ἓ

126 828 257 888 Quid
275 829 624 892 tempestatum
643 841 822 890 regem,
844 826 1108 888 ventosque
1129 824 1342 872 furentes

127 893 288 944 AEolia
307 893 488 943 excitos
507 890 531 941 Ρ
565 893 651 940 aut
673 893 831 940 actam
853 888 1062 939 nubibus
1084 889 1207 938 Irim
1227 888 1251 939 P

126 959 275 1010 Nunc
294 959 442 1008 etiam
461 956 798 1007 manes-haec
818 956 1063 1006 intentata
1081 956 1308 1005 manebat

126 1025 242 1076 Sors
262 1025 666 1083 rerum—movet,
688 1026 740 1073 et
762 1022 943 1088 superis
965 1022 1180 1071 immissa
1201 1024 1398 1088 repente
1459 1054 1462 1058 ι
1652 1023 1720 1071 40

126 1090 333 1151 Allecto,
354 1090 534 1140 medias
556 1089 742 1139 Italum
762 1087 996 1139 bacchata
1015 1105 1100 1153 per
1121 1089 1275 1138 urbes.

127 1158 216 1207 Nil
237 1174 379 1222 super
399 1157 598 1222 imperio
620 1173 844 1206 moveor:
880 1154 1173 1220 speravimus
1194 1155 1304 1216 ista,

128 1224 261 1273 Dum
282 1226 479 1272 fortuna
498 1222 623 1272 fuit:
658 1222 870 1283 vincant,
893 1239 1011 1286 quos
1033 1222 1222 1271 vincere
1244 1221 1410 1271 mavis.

125 1289 180 1339 Si
200 1290 333 1339 nulla
352 1291 428 1339 est
447 1289 596 1355 regio,
616 1288 812 1338 Teucris
835 1305 980 1353 quam
1002 1287 1085 1337 det
1106 1290 1193 1337 tua
1214 1286 1388 1354 conjux

125 1356 294 1406 Dura:
326 1373 412 1421 per
431 1372 625 1416 eversae,
647 1355 853 1420 genitor,
874 1354 1111 1403 fumantia
1132 1354 1291 1419 Trojae
1653 1354 1718 1403 45

126 1421 331 1472 Excidia
350 1423 594 1471 obtestor:
627 1421 771 1471 liceat
793 1421 1038 1469 dimittere
1060 1420 1120 1469 ab
1143 1420 1288 1469 armis

128 1487 429 1538 Incolumem
450 1487 727 1548 Ascanium,
748 1485 893 1536 liceat
914 1503 1156 1551 superesse
1178 1487 1419 1551 nepotem.

126 1554 304 1604 AEnees
325 1571 439 1603 sane
459 1554 639 1619 ignotis
654 1553 869 1618 jactetur
890 1553 942 1602 in
963 1553 1120 1612 undis,

126 1620 213 1682 Et,
235 1636 583 1686 quamcumque
605 1619 732 1668 viam
754 1618 939 1668 dederit
960 1619 1169 1678 fortuna,
1193 1619 1449 1681 sequatur:

125 1686 276 1737 'Hune
297 1690 475 1752 tegere,
497 1688 549 1735 et
571 1685 685 1735 dirae
707 1684 891 1735 valeam
914 1685 1174 1734 subducere
1195 1701 1391 1749 pugnae.
1653 1686 1720 1734 50

125 1751 223 1803 Eat
243 1753 502 1813 Amathus,
523 1754 598 1801 est
621 1751 747 1802 celsa
767 1751 889 1800 mihi
912 1751 1124 1829 Paphus,
1146 1753 1292 1815 atque
1316 1750 1545 1816 Cythera,

128 1818 384 1884 Idaliaeque
406 1819 607 1869 domus:
640 1818 810 1884 positis
832 1818 848 1867 i
917 1817 1065 1867 lonus
1088 1817 1232 1866 armis

127 1885 310 1951 Exigat
331 1886 410 1935 hic
432 1900 605 1935 aevum.
673 1883 861 1962 Magna
915 1883 1062 1934 'tione
1076 1884 1249 1949 jubeto

110 1950 371 2017 ‘Carthago
394 1955 581 2016 premat
601 1950 867 2000 Ausomam
887 1972 898 2000 ε
933 1949 1056 1999 nihil
1077 1950 1276 1999 urbibus
1300 1948 1413 1998 inde

126 2017 355 2068 Obstabit
376 2017 551 2083 Tyriis.
619 2016 748 2077 Quid
765 2018 955 2093 pestem
977 2016 1173 2065 evadere
1195 2014 1309 2064 belli
1653 2015 1720 2066 55

126 2082 163 2132 J
164 2085 285 2143 uvit,
307 2087 359 2133 et
381 2083 631 2148 Argolicos
652 2082 864 2131 medium
886 2082 1063 2147 fugisse
1085 2098 1169 2147 per
1190 2081 1341 2146 ignes,

125 2149 316 2214 Totque
339 2152 481 2198 maris
503 2150 743 2225 vastisque
765 2147 999 2198 exhausta
1051 2148 1228 2197 ericula
1247 2150 1408 2206 terrae,

127 2216 261 2266 Dum
284 2216 481 2265 Latium
504 2214 676 2264 Teucri
697 2214 995 2279 recidivaque
1061 2230 1255 2279 ergama
1275 2209 1543 2278 quaerunt?

126 2282 178 2331 N
179 2300 240 2332 on
265 2282 431 2343 satius,
453 2281 632 2331 cineres
654 2280 823 2346 patriae
847 2280 1075 2330 insedisse
1097 2296 1357 2345 supremos,

127 2350 289 2399 Ataeue
310 2348 467 2398 solum
490 2364 583 2425 quo
606 2346 752 2424 Troja
771 2345 905 2397 suit?
941 2346 1196 2396 Xanthum
1219 2349 1270 2396 et
1293 2346 1545 2395 Simoenta
1654 2347 1720 2396 60

127 2367 307 2474 Redde,
330 2430 428 2475 oro,
449 2413 662 2473 miseris3
693 2415 963 2479 iterumque
984 2412 1224 2463 revolvere
1246 2429 1382 2462 casus

126 2481 219 2539 Da,
242 2484 392 2546 pater,
416 2480 588 2529 Iliacos
610 2478 855 2528 Teucris.”
926 2478 1053 2528 Tum
1076 2480 1208 2544 regia
1230 2478 1265 2527 J
1269 2495 1364 2528 uno

126 2549 254 2597 Acta
275 2547 430 2597 surore
450 2546 613 2612 gravi:
650 2545 821 2606 “Quid
843 2562 920 2594 me
942 2545 1044 2594 alta
1064 2545 1257 2594 silentia
1277 2544 1409 2611 cogis

125 2613 384 2677 Rum1›ere‚
406 2614 458 2663 et
477 2611 740 2662 obductum
763 2611 918 2661 verbis
939 2611 1134 2676 vulgare
1156 2609 1407 2662 dolorem?

124 2679 313 2731 AEnesn
335 2678 587 2729 hominum
608 2678 858 2743 quisquam
881 2678 1140 2741 divumque
1162 2677 1356 2742 subegit
1653 2678 1718 2728 6⁰

125 2744 265 2797 Bella
402 2744 432 2805 ⁶,
454 2747 540 2795 aut
561 2744 751 2795 hostem
774 2761 824 2793 re
861 2742 872 2755 ‘
898 2760 948 2793 se
970 2742 1143 2794 inferre
1165 2741 1384 2797 Latino?

126 2810 324 2863 Italiam
418 2811 429 2822 ‘
476 2810 622 2880 petiit
642 2809 826 2863 auctori
860 2812 1154 2862 us—esto—
1277 2818 1294 2826 “
