1988 3034
868 202 916 239 Ρ.
939 197 1174 239 menn
1195 198 1435 241 MARoms

357 318 468 380 Qua
487 336 593 368 rara
614 322 687 368 est
710 318 846 379 acieS,
868 319 1216 386 interlucetque
1238 337 1411 371 corona

357 386 476 435 Non
497 389 600 435 tam
623 386 771 449 spissa
792 386 921 434 viris.
989 387 1215 435 Telorum
1238 388 1476 437 effundere
1499 387 1667 438 contra

359 451 515 500 Omne
537 469 687 515 genus
710 452 894 511 Teucri,
918 469 972 501 ac
995 454 1124 501 duris
1148 454 1398 503 detrudere
1421 456 1591 516 contis,
1841 455 1944 506 610

357 518 556 566 Assueti
577 518 725 582 longo
748 534 908 566 muros
933 519 1180 567 defendere
1201 520 1341 568 bello.

357 583 482 631 Saxa
503 587 688 648 quoque
709 584 883 632 infesto
905 584 1160 632 volvebant
1183 586 1402 647 pondere,
1425 586 1467 634 si
1488 603 1584 650 qua

358 648 564 698 Possent
586 652 765 698 tectam
789 650 938 698 aciem
959 667 1287 714 perrumpere:
1313 667 1462 715 quum
1482 653 1647 703 tamen
1669 666 1832 702 omnes

357 714 504 763 Ferre
519 716 660 780 juvat
684 716 849 764 subter
871 716 1016 764 densa
1036 717 1280 765 testudine
1302 733 1453 766 casus.

355 779 464 829 Nec
479 782 583 845 jam
605 781 874 829 sufficiunt:
909 798 1023 829 nam
1045 799 1138 846 qua
1160 783 1329 846 globus
1351 783 1573 833 imminet
1593 783 1777 851 ingens,
1845 785 1945 835 515

355 843 629 895 Immanem
652 847 822 895 Teucri
845 847 1020 896 molem
1042 848 1335 912 volvuntque
1357 852 1629 913 ruuntque3

357 912 477 972 Quae
498 913 670 961 stravit
693 912 902 961 Rutulos
925 913 1037 974 late,
1060 930 1393 979 armorumque
1413 915 1610 964 resolvit

356 976 606 1042 Tegmina.
674 978 780 1026 Nec
803 981 973 1027 curant
995 995 1119 1028 caeco
1141 981 1426 1030 contendere
1447 981 1613 1032 Marte

355 1044 579 1108 Amplius
601 1044 799 1093 audaces
821 1044 1010 1107 Rutuli,
1033 1046 1117 1095 sed
1137 1046 1309 1110 pellere
1329 1046 1456 1096 vallo
1986 1071 1988 1074 ·

355 1108 624 1159 ffissssibus
647 1113 849 1159 certant.
1838 1112 1942 1163 520

355 1174 505 1224 Parte
527 1176 619 1225 alia
639 1176 902 1226 horrendus
924 1177 1031 1226 visu
1053 1178 1307 1242 quassabat
1330 1178 1588 1229 Etruscam
1986 1191 1988 1195 '

355 1240 550 1303 Pinum,
574 1245 624 1291 et
646 1243 889 1291 fumiferos
911 1243 1057 1292 infert
1081 1244 1352 1293 Mezentius
1375 1245 1540 1309 ignes3

355 1308 428 1355 At
451 1307 702 1372 Messapus
725 1325 900 1372 equum
922 1310 1144 1371 domitor,
1168 1310 1417 1374 Neptunia
1437 1311 1609 1375 proles,

355 1371 609 1423 Rescindit
629 1374 823 1436 vallum,
846 1378 896 1423 et
919 1376 1065 1424 scalas
1081 1376 1133 1423 in
1155 1376 1331 1424 moenia
1350 1377 1521 1440 poscit.

420 1438 536 1499 Vos,
560 1457 588 1488 o
612 1439 836 1504 Calliope,
858 1456 1036 1504 precor,
1060 1441 1264 1505 aspirate
1286 1443 1491 1502 canenti,
1839 1442 1941 1492 525

356 1504 486 1564 Quas
507 1505 577 1553 ibi
596 1508 715 1554 tunc
731 1506 854 1555 ferro
877 1509 1075 1571 strages,
1099 1524 1204 1571 quae
1226 1508 1392 1557 funera
1412 1508 1604 1560 Turnus

355 1570 593 1632 Ediderit,
618 1588 759 1634 quem
782 1572 978 1636 quisque
1000 1573 1158 1621 virum
1180 1573 1424 1622 demiserit
1446 1574 1600 1636 Orco;

355 1636 429 1684 Et
450 1652 639 1685 mecum
659 1637 879 1700 ingentes
904 1654 1007 1687 oras
1031 1639 1237 1687 evolvite
1258 1639 1385 1688 belli.

359 1702 455 1768 [Et
476 1702 761 1752 meministis
785 1704 926 1764 enim,
950 1704 1085 1764 divae,
1109 1707 1159 1752 et
1181 1721 1442 1754 memorare
1463 1703 1706 1772 potestis]

423 1768 589 1816 Turris
611 1771 713 1817 erat
735 1771 872 1818 vasto
895 1771 1119 1833 suspectu
1140 1772 1190 1818 et
1210 1771 1439 1835 pontibus
1462 1772 1588 1833 altis,
1837 1772 1942 1823 530
1986 1814 1988 1830 2

355 1833 640 1898 Opportuna
659 1835 790 1894 loco;
826 1835 1023 1883 summis
1047 1852 1190 1899 quam
1210 1836 1391 1886 viribus
1413 1853 1580 1887 omnes
1986 1847 1988 1863 ³

354 1900 647 1964 Expugnare
669 1901 799 1960 Itali,
823 1918 1099 1964 summaque
1121 1904 1331 1950 evertere
1352 1919 1498 1966 opum
1519 1905 1569 1952 vi

356 1965 645 2014 Certabant:
681 1967 831 2015 Troes
854 1970 1021 2016 contra
1043 1968 1290 2016 defendere
1312 1970 1451 2028 saxis,

354 2031 542 2096 Perque
564 2049 701 2081 cavas
724 2033 858 2080 densi
878 2033 976 2081 tela
996 2033 1268 2097 intorquere
1289 2034 1537 2084 fenestras.

354 2096 582 2162 Princeps
606 2099 851 2147 ardentem
874 2099 1075 2163 conjecit
1095 2099 1318 2162 lampada
1338 2100 1544 2160 Turnus,
1841 2101 1939 2152 535

354 2162 426 2211 Et
446 2164 690 2213 flammam
713 2165 862 2213 affixit
885 2166 1051 2224 lateri3
1085 2183 1193 2229 quae
1217 2166 1421 2229 plurima
1441 2169 1587 2216 vento

355 2228 598 2292 Corripuit
619 2231 822 2289 tabulas,
846 2233 895 2277 et
917 2232 1133 2293 postibus
1155 2232 1295 2279 haesit
1317 2233 1486 2281 adesis.

353 2294 558 2342 Turbati
579 2296 815 2358 trepidare
836 2295 984 2355 intus,
1006 2297 1275 2359 frustraque
1298 2298 1533 2347 malorum

353 2359 489 2409 Velle
510 2361 690 2424 fugam.
758 2361 893 2410 Dum
916 2378 966 2409 se
986 2362 1269 2425 glomerant,
1291 2365 1512 2426 retroque
1534 2361 1750 2413 residunt

354 2424 419 2473 In
439 2428 628 2490 partem
649 2443 754 2490 quae
776 2429 910 2490 peste
933 2430 1075 2487 caret,
1097 2430 1206 2475 tum
1228 2428 1434 2490 pondere
1455 2429 1603 2477 turris
1838 2430 1938 2480 540

353 2490 620 2540 Procubuit
642 2492 816 2552 subito,
840 2495 890 2541 et
914 2493 1086 2543 coelum
1107 2496 1248 2541 tonat
1270 2510 1409 2542 omne
1431 2495 1632 2560 fragore.

354 2557 619 2607 Semineces
641 2559 702 2607 ad
722 2560 914 2619 terram,
937 2559 1136 2608 immani
1155 2559 1280 2607 mole
1302 2562 1478 2620 secuta,

353 2622 634 2686 Confixique
656 2624 752 2672 suis
773 2624 884 2673 telis
907 2627 958 2673 et
979 2627 1172 2689 pectora
1194 2626 1311 2674 duro

351 2687 623 2737 Transfossi
642 2690 775 2754 ligno
796 2691 1012 2740 veniunt.
1079 2691 1175 2739 Vix
1195 2708 1318 2740 unus
1339 2691 1568 2755 Helenor,

353 2752 427 2802 Et
448 2754 609 2818 Lycus
631 2756 802 2819 elapsi3
837 2773 1038 2821 quorum
1059 2756 1310 2820 primaevus
1332 2757 1560 2820 Helenor,
1839 2759 1934 2809 545
1981 2810 1988 2821 ‚

354 2818 566 2868 Maeonio
588 2822 691 2886 regi
717 2839 859 2885 quem
880 2839 1015 2872 serva
1035 2823 1286 2886 Licymnia
1306 2823 1475 2872 furtim

354 2883 638 2948 sustulerat,
660 2888 916 2952 vetitisque
938 2890 999 2937 ad
1021 2889 1210 2952 Trojam
1233 2889 1426 2938 miserat
1447 2889 1605 2948 armis,
