1988 3034
696 198 936 240 mos
957 200 1066 239 m.
1086 201 1163 239 11.

133 322 278 373 Ilicet
297 323 351 372 in
370 337 535 372 muros
554 322 666 372 tota
686 323 970 372 discurritur
990 323 1124 373 urbe.

133 389 403 440 Concilium
422 389 526 454 ipse
545 391 684 453 pater
705 392 757 438 et
778 406 955 454 magna
974 390 1167 455 incepta
1187 387 1396 439 Latinus

28 494 35 499 >
135 455 345 515 Deserit,
367 471 423 504 ae
443 455 578 504 tristi
597 456 827 504 turbatus
848 460 1064 520 tempore
1087 456 1278 515 differt;

133 522 391 586 Multaque
412 538 463 570 se
483 521 689 582 incusat,
713 522 796 585 qui
816 538 915 570 non
937 523 1171 587 acceperit
1192 522 1323 571 ultro

132 587 433 637 Dardanium
455 587 659 646 AEnean,
682 604 1006 653 generumque
1028 588 1282 637 adsciverit
1304 587 1427 638 urbi.

133 653 436 705 Praefodiunt
457 654 538 702 alii
558 657 737 718 portas,
759 658 846 702 aut
868 671 981 703 saxa.
1002 655 1234 719 sudesque

132 719 446 769 Subvectant.
515 720 654 769 Bello
675 721 762 768 dat
784 721 978 785 signum
999 738 1143 770 rauca
1163 723 1416 769 cruentum

133 785 364 835 Buccina.
432 786 561 834 Tum
582 803 744 834 muros
766 787 898 834 varia
918 787 1106 835 cinxere
1129 803 1304 835 corona

24 890 36 900 f
131 851 380 902 Matronae
399 853 656 916 puerique;
689 855 831 900 vocat
852 852 988 900 labor
1009 852 1211 900 ultimus
1234 868 1415 900 omnes.

31 942 34 947 ’
130 917 240 968 Nee
260 934 359 967 non
381 918 443 966 ad
462 918 701 982 templum
724 934 1027 982 sumasque
1050 919 1111 966 ad
1134 918 1343 966 Palladis
1366 933 1496 966 arces

131 983 429 1034 Subvehitur
450 1000 628 1049 magna
648 987 862 1032 matrum
882 985 1052 1048 regina
1072 987 1278 1043 caterva,

23 1058 36 1119 ³.
130 1049 278 1100 Dona
297 1051 481 1110 serens;
506 1051 742 1115 juxtaque
764 1067 923 1099 comes
946 1051 1149 1099 Lavinia.
1168 1051 1322 1115 virgo,

130 1114 290 1166 Causa
309 1117 425 1165 mali
445 1117 589 1176 tanti,
612 1117 774 1166 oculos
795 1117 979 1181 dejecta
1000 1118 1208 1166 decoros.

131 1182 406 1232 Succedunt
427 1186 620 1243 matres,
643 1186 694 1232 et
715 1185 955 1247 templum
975 1184 1122 1232 thure
1142 1185 1395 1248 vaporant,

28 1265 39 1300 ῖ-
130 1248 205 1298 Et
225 1252 419 1299 maestas
441 1250 542 1298 alto
563 1250 774 1298 fundunt
796 1250 856 1298 de
870 1249 1036 1298 limine
1057 1267 1227 1299 voces:

31 1322 46 1381 ἴ
131 1318 162 1341 “
173 1316 502 1380 Armipotens,
523 1331 698 1379 praeses
717 1315 846 1376 belli,
869 1315 1091 1364 Tritonia
1110 1316 1263 1380 virgo,

29 1412 37 1443 7
131 1380 324 1447 Frange
346 1398 494 1431 manu
514 1382 668 1430 telum
691 1382 898 1446 Phrygii
919 1383 1175 1447 praedonis,
1197 1385 1249 1431 et
1270 1381 1430 1445 ipsum

130 1446 348 1497 Pronum
371 1451 531 1497 sterne
553 1449 669 1508 solo,
691 1452 937 1512 portisque
960 1449 1149 1497 effunde
1172 1449 1262 1496 sub
1285 1447 1447 1496 altis.'’

130 1512 359 1580 Cingitur
379 1515 481 1578 ipse
503 1515 663 1563 furens
686 1515 910 1563 certatim
931 1515 983 1562 in
1004 1514 1173 1578 proelia
1194 1514 1404 1562 Turnus.

130 1577 343 1644 Jamque
365 1581 482 1629 adeo
505 1580 749 1628 Rutulum
770 1581 971 1630 thoraca
991 1581 1191 1629 indutus
1213 1580 1380 1628 ahenis

130 1644 380 1696 Horrebat
401 1648 627 1711 squamis,
650 1662 877 1710 surasque
898 1646 1158 1696 incluserat
1181 1663 1313 1705 auro,

129 1710 367 1777 Tempora
388 1713 546 1761 nudus
569 1713 724 1761 adhuc
742 1733 754 1772 ;
786 1713 1019 1776 laterique
1041 1713 1312 1762 accinxerat
1335 1728 1494 1761 ensem
1514 1731 1526 1772 ;

129 1777 467 1844 Fulgebatque
489 1779 590 1828 alta
610 1779 864 1828 decurrens
887 1796 1056 1828 aureus
1080 1796 1214 1839 aree3

130 1843 455 1911 Exsultatque
477 1845 663 1905 animis,
686 1847 736 1894 et
759 1862 842 1910 spe
856 1846 961 1911 jam
982 1846 1199 1912 praecipit
1220 1845 1428 1895 hostem.

128 1908 296 1971 Qualis
317 1910 402 1960 ubi
423 1911 642 1976 abruptis
663 1910 793 1976 fugit
815 1912 1043 1976 praesepia
1062 1912 1235 1961 vinclis

130 1975 347 2026 Tandem
368 1977 488 2026 liber
510 1995 674 2040 equus,
697 1994 959 2042 campoque
981 1979 1170 2042 potitus
1193 1980 1360 2042 aperto

129 2043 237 2092 Aut
257 2043 337 2091 ille
358 2043 409 2091 in
432 2047 599 2108 pastus
622 2047 933 2107 armentaque
955 2045 1118 2093 tendit
1142 2060 1390 2107 equarum,

129 2108 236 2158 Aut
257 2113 477 2158 assuetus
500 2125 636 2173 aquae
658 2110 879 2173 perfundi
902 2110 1100 2158 flumine
1122 2114 1241 2159 noto

130 2174 341 2234 Emicat,
365 2175 653 2239 arrectisque
675 2176 838 2224 fremit
861 2176 1124 2225 cervicibus
1147 2176 1245 2224 alte

129 2239 434 2300 Luxurians3
467 2241 735 2306 luduntque
749 2242 881 2307 jubae
903 2258 987 2306 per
1009 2242 1142 2302 colla,
1165 2259 1250 2305 per
1272 2258 1443 2292 armos.

130 2305 288 2356 Obvia
308 2307 399 2367 cui,
423 2306 705 2356 Volscorum
729 2308 827 2356 acie
850 2309 1128 2367 comitante,
1153 2308 1356 2357 Camilla.

130 2371 368 2433 Occurrit,
391 2373 636 2438 portisque
658 2374 719 2422 ab
742 2390 863 2438 equo
885 2375 1053 2439 regina
1075 2375 1163 2422 sub
1185 2375 1302 2439 ipsis

126 2435 369 2499 Desiluit3
403 2455 547 2503 quam
568 2443 678 2488 tota
699 2441 869 2489 cohors
891 2441 1085 2489 imitata
1105 2441 1285 2490 relictis

128 2503 211 2553 Ad
230 2508 409 2554 terram
432 2505 632 2554 defluxit
655 2507 817 2570 equis;
849 2510 958 2555 tum
981 2507 1100 2556 talia
1122 2508 1278 2555 fatur:

130 2569 350 2630 “Turne‚
373 2571 448 2620 sui
469 2572 643 2620 merito
666 2573 706 2619 si
730 2589 824 2635 qua
844 2576 920 2621 cst
943 2573 1118 2621 fiducia
1140 2573 1269 2631 forti,

130 2634 300 2686 Audeo
322 2641 374 2686 et
397 2636 665 2686 AEneadum
688 2638 923 2702 promitto
946 2655 1188 2687 occurrere
1211 2642 1399 2699 turmae,

130 2699 334 2766 Solaque
356 2702 634 2767 Tyrrhenos
656 2705 841 2768 equites
864 2704 932 2753 ire
954 2705 1095 2753 obvia
1117 2707 1300 2754 contra.

130 2765 219 2817 Me
240 2769 342 2818 sine
362 2769 518 2833 prima
537 2786 686 2819 manu
707 2773 897 2819 tentare
919 2771 1127 2835 pericula
1149 2771 1289 2819 belli:

130 2830 210 2882 'l'u
230 2834 374 2899 pedes
395 2835 457 2884 ad
477 2852 640 2886 muros
664 2837 886 2895 subsiste,
910 2840 961 2885 ct
985 2837 1162 2886 moenia
1184 2835 1370 2886 serva.'’

130 2896 324 2954 'fumus
345 2901 408 2951 ad
427 2901 545 2965 hee,
566 2903 754 2957 occulos
779 2902 1016 2955 horrenda
1036 2903 1087 2952 in
1109 2903 1298 2970 virgine
1320 2903 1471 2955 fixum

899 2981 932 3019 u

1626 451 1731 504 470

1627 786 1730 834 475

1628 1116 1731 1164 480

1629 1447 1728 1495 485

1628 1779 1730 1827 490

1627 2087 1728 2159 495

1627 2441 1728 2489 500

1623 2773 1720 2822 505
