1988 3034
0 0 1089 25 ss‘

186 23 516 35 ’ἐμ

773 222 818 257 1³.
842 217 1078 257 VIRGILII
1099 220 1339 258 MABOMS

262 341 522 390 Ascanium
543 338 660 388 fusis
683 339 861 388 circum
883 341 1217 404 complectitur
1238 341 1396 400 armis,

262 408 551 470 Summaque
572 423 657 470 per
678 406 864 470 galeam
887 407 1098 455 delibans
1121 407 1282 455 oscula
1301 408 1460 455 fatur:

263 477 290 498 “
304 473 462 532 Disce,
485 489 603 536 puer
623 473 854 521 virtutem
880 489 938 521 ex
960 490 1036 521 me
1058 489 1319 536 verumque
1340 474 1547 522 laborem
1565 494 1578 535 ;
1746 473 1845 523 435

262 538 532 587 Fortunam
554 555 612 591 ex
635 538 752 587 aliis.
821 539 967 587 Nunc
989 542 1040 587 te
1063 556 1169 587 mea
1190 540 1385 587 dextera
1405 540 1530 588 bello

262 605 528 653 Defensum
551 605 698 663 dabit,
723 607 772 652 et
796 622 972 668 magna
993 606 1120 652 inter
1141 605 1336 668 praemia
1357 606 1515 653 ducet.

263 671 341 718 Tu
361 671 520 729 facito,
544 687 655 718 mox
678 687 828 734 quum
850 674 1041 718 matura
1064 671 1322 718 adoleverit
1344 673 1476 730 aetas,

263 737 338 784 Sis
360 753 556 794 memor,
580 739 630 784 et
652 739 717 795 te,
741 737 899 784 animo
922 739 1218 800 repetentem
1242 737 1456 800 exempla
1476 740 1687 797 tuorum,

263 802 334 850 Et
355 805 492 865 pater
514 802 704 862 AEneaS,
729 805 779 850 et
802 803 1062 851 avunculus
1086 803 1262 850 excitet
1286 803 1521 851 Hector.''
1756 804 1855 850 440

327 868 450 916 Haec
473 868 557 916 ubi
579 869 708 916 dicta
731 868 877 927 dedit,
900 868 1051 932 portis
1075 884 1174 917 sese
1200 869 1374 916 extulit
1395 869 1581 933 ingens,

264 933 437 981 Telum
458 934 665 981 immane
687 951 834 981 manu
856 935 1102 997 quatiens:
1139 935 1282 982 simul
1302 935 1492 998 agmine
1514 937 1659 984 denso

263 999 582 1063 Antheusque
605 999 985 1062 Mnestheusque
1007 1003 1184 1059 ruunt3
1220 1001 1466 1063 omnisque
1486 1002 1665 1049 relictis

265 1065 428 1113 Turba
448 1066 557 1112 fluit
582 1066 762 1113 castris.
833 1065 959 1113 Tum
983 1083 1103 1114 caeco
1126 1066 1320 1129 pulvere
1343 1083 1537 1130 campus

266 1131 516 1190 Miscetur,
538 1131 773 1195 pulsuque
794 1131 971 1194 pedum
992 1132 1160 1180 tremit
1183 1132 1338 1180 excita
1357 1132 1517 1181 tellus.
1761 1132 1859 1179 445

265 1196 404 1244 Vidit
426 1197 485 1245 ab
509 1197 704 1244 adverso
726 1197 971 1245 venientes
994 1214 1168 1261 aggere
1192 1198 1398 1257 Turnus,

266 1262 440 1310 Videre
463 1262 680 1321 Ausonii,
703 1262 982 1326 gelidusque
1004 1280 1089 1327 per
1111 1263 1210 1311 ima
1233 1263 1445 1312 cucurrit

267 1328 389 1376 Ossa
409 1331 604 1376 tremor.
674 1327 839 1376 Prima
862 1332 974 1376 ante
997 1346 1160 1377 omnes
1185 1329 1221 1376 J
1222 1332 1401 1378 uturna
1422 1328 1624 1377 Latinos

268 1395 442 1442 Audiit
466 1394 757 1458 agnovitque
780 1411 966 1455 sonum,
989 1397 1040 1443 et
1062 1395 1343 1443 tremefacta
1362 1395 1556 1458 refugit.

196 1511 199 1516 f
269 1460 362 1508 Ille
379 1461 526 1519 volat,
551 1477 810 1524 campoque
834 1464 993 1508 atrum
1015 1462 1141 1524 rapit
1165 1478 1337 1525 agmen
1359 1464 1550 1524 aperto:
1763 1461 1864 1508 450

271 1526 436 1585 Qualis
459 1527 543 1574 ubi
566 1527 627 1574 ad
647 1530 798 1583 terras
822 1527 1026 1590 abrupto
1050 1528 1200 1575 sidere
1223 1527 1413 1575 nimbus

271 1592 325 1640 It
348 1609 478 1640 mare
500 1609 584 1656 per
606 1593 844 1641 medium:
880 1594 1079 1651 miseris,
1102 1594 1211 1652 heu,
1235 1593 1435 1657 praescia
1455 1592 1598 1656 longe

270 1658 576 1706 Horrescunt
599 1659 741 1707 corda
762 1659 979 1723 agricolis
999 1680 1011 1717 ;
1046 1659 1180 1707 dabit
1202 1660 1281 1707 ille
1303 1659 1463 1707 ruinas

272 1724 550 1783 Arboribus,
574 1727 876 1788 stragemque
899 1725 1014 1773 satis
1035 1745 1045 1784 ;
1079 1728 1187 1773 ruet
1211 1725 1370 1773 omnia
1389 1725 1514 1783 late;

275 1791 408 1838 Ante
429 1790 612 1849 volant,
637 1791 941 1854 sonitumque
964 1791 1124 1838 ferunt
1148 1791 1208 1838 ad
1230 1791 1373 1863 ligzora
1387 1790 1542 1838 venti:
1765 1790 1864 1837 455

275 1855 404 1904 Talis
426 1855 478 1902 in
500 1856 719 1903 adversos
743 1856 915 1903 ductor
937 1856 1194 1904 Rhoeteius
1208 1850 1380 1930 ffiestcs

275 1922 469 1985 Agmen
492 1922 623 1985 agit3
658 1921 792 1969 densi
814 1922 973 1970 cuneis
997 1939 1047 1970 se
1070 1923 1173 1986 quis
1193 1911 1206 1929 ⁴
1258 1948 1268 1958 ·
1290 1922 1465 1970 coactis

275 1987 641 2051 Agglomerant.
711 1987 847 2035 Ferit
870 2004 979 2035 ense
1002 1965 1232 2051 grav*bus
1248 1965 1534 2062 {hymbraeus
1558 1985 1750 2046 Osirim,

275 2053 563 2101 Archetium
585 2052 886 2112 Mnestheus,
909 2030 1462 2131 Epulofcsssssgeczruncat
1485 2052 1710 2112 Achates,

276 2118 600 2182 Ufentemque
624 2119 784 2182 Gyas;
820 2120 947 2167 cadit
970 2136 1376 2213 lpseumusqmius
1400 2135 1568 2182 augur,
1767 2119 1868 2166 460

277 2184 470 2232 Primus
492 2185 545 2232 in
567 2185 787 2233 adversos
809 2185 964 2233 telum
987 2189 1295 2261 qtthoraci‘af‘
1311 2185 1498 2262 ⁸hostes.

277 2251 487 2299 Tollitur
508 2251 559 2297 in
583 2250 758 2299 coelum
781 2251 972 2311 clamor,
995 2267 1028 2298 v·
1231 2251 1442 2299 vic1ssim

280 2315 621 2366 Pulverulenta
641 2317 758 2380 suga
779 2317 956 2364 Rutuli
979 2274 1173 2365 daffiue
1194 2294 1214 2324 r

279 2382 392 2445 Ipse
414 2398 566 2445 neque
590 2398 776 2430 aversos
800 2383 1028 2446 dignatur
1050 2334 1258 2431 51:322&ss
1277 2332 1539 2442 ffigrssigssos·

278 2448 385 2496 Nec
407 2448 526 2511 pede
549 2464 822 2511 congressos
846 2465 994 2511 aequo,
1017 2465 1104 2497 nec
1125 2449 1224 2496 tela
1243 2448 1449 2496 ferentes
1770 2445 1871 2495 465

281 2513 587 2577 Insequitur:
624 2513 779 2561 solum
802 2514 946 2562 densa
966 2515 1019 2561 in
1041 2514 1242 2578 caligine
1264 2514 1483 2561 Turnum

280 2579 506 2640 Vestigat
527 2580 752 2639 lustrans,
776 2580 929 2628 solum
950 2580 1002 2627 in
1025 2580 1284 2629 certamina
1305 2579 1472 2642 poscit.

280 2643 394 2690 Hoc
418 2661 644 2693 concussa
665 2648 799 2694 metu
821 2649 1034 2694 mentem
1057 2645 1094 2692 J
1094 2649 1272 2693 uturna
1291 2645 1455 2707 virago

278 2710 519 2773 Aurigam
542 2711 695 2758 Turni
716 2711 872 2759 media
893 2712 1020 2760 inter
1041 2712 1143 2760 lora
1165 2711 1427 2760 Metiscum

284 2775 504 2835 Excutit,
528 2778 578 2824 et
600 2776 743 2840 longe
764 2777 952 2841 lapsum
973 2780 1166 2826 temone
1187 2775 1441 2838 relinquit:
1774 2772 1839 2823 4'7
1841 2774 1874 2822 0

284 2840 400 2904 Ipsa
421 2841 565 2902 subit,
588 2843 900 2907 manibusque
923 2844 1158 2892 undantes
1180 2842 1333 2891 flectit
1354 2841 1577 2900 habenas,

285 2903 475 2956 Cuncta
493 2923 675 2972 gei-ene,
697 2923 956 2975 vocemque
978 2912 1030 2959 et
1051 2925 1223 2975 corpus
1242 2910 1294 2959 et
1315 2922 1447 2957 arma
1467 2904 1678 2958 Metisci.
