1988 3034
800 241 847 280 1².
871 240 1108 279 vmelmt
1129 240 1368 280 mnoms

287 357 451 425 Eripit
473 376 502 409 a
522 357 710 419 semine,
734 361 785 408 et
806 359 1069 422 ‘trepidanti
1090 359 1299 409 fervidus
1320 360 1486 410 instat·

287 427 537 491 Ingemuit
561 425 656 474 cari
678 425 890 489 graviter
912 426 1142 490 genitoris
1165 442 1337 486 amore,

286 492 361 541 Ut
383 493 521 551 vidit,
545 491 732 540 Lausus
752 512 764 552 ;
797 491 1094 554 lacrimaeque
1115 508 1200 556 per
1222 509 1305 540 ora
1324 492 1517 542 volutae.

285 558 386 606 Hic
409 558 579 606 mortis
603 558 732 605 durae
755 574 916 606 casum
938 561 1116 620 tuaque
1139 559 1322 621 optima
1340 559 1483 619 facta,

287 625 340 673 Si
362 641 454 688 qua
476 625 621 672 fidem
641 626 782 672 tanto
805 626 879 672 est
902 625 1031 687 operi
1051 625 1209 672 latura
1229 627 1458 683 vetustas,

285 691 402 739 Non
425 691 657 754 equidem,
680 706 767 738 nec
789 692 854 749 te,
871 690 1061 754 juvenis
1084 691 1401 749 memorande,
1425 689 1586 738 silebo.

286 756 379 805 Ille
400 757 570 820 pedem
592 756 810 814 referens,
834 759 885 804 et
906 755 1106 814 inutilis,
1130 756 1273 819 inque
1295 756 1475 819 ligatus

287 822 513 881 Cedebat,
537 822 778 886 clipeoque
799 822 1047 870 inimicum
1068 822 1242 870 hastile
1262 823 1503 871 trahebat.

287 888 517 952 Prorupit
532 888 738 952 juvenis,
761 903 954 952 seseque
974 888 1236 936 immiscuit
1259 889 1431 947 armis3

287 954 495 1018 Jamque
518 954 810 1018 assurgentis
833 955 1001 1002 dextra
1022 954 1306 1018 plagamque
1327 953 1525 1002 ferentis

286 1021 454 1069 AEneae
476 1020 624 1068 subiit
645 1037 935 1079 mucronem,
957 1020 1207 1084 ipsumque
1229 1020 1459 1069 morando

287 1086 530 1135 Sustinuit
550 1107 561 1145 ;
596 1086 710 1134 socii
731 1102 909 1150 magno
932 1086 1134 1134 clamore
1157 1088 1436 1149 sequuntur,

286 1152 422 1201 Dum
444 1152 633 1217 genitor
655 1152 759 1199 nati
780 1168 945 1215 parma
965 1154 1211 1215 protectus
1234 1152 1415 1212 abiret3

287 1219 496 1280 Telaque
519 1218 794 1282 conjiciunt,
817 1219 1198 1281 proturbantque
1221 1218 1404 1266 eminus
1427 1216 1616 1268 hostem

287 1284 569 1333 Missilibus.
640 1284 783 1332 Furit
805 1284 996 1344 AEneas,
1018 1287 1271 1347 tectusque
1293 1287 1429 1333 tenet
1452 1300 1517 1333 se.

287 1352 361 1399 Ac
382 1351 530 1409 velut,
554 1351 702 1398 effusa
724 1350 765 1398 si
788 1351 975 1413 quando
997 1351 1227 1415 grandine
1249 1350 1404 1399 nimbi

287 1416 615 1481 Praecipitant,
634 1417 788 1464 omnis
812 1417 990 1480 campis
1014 1416 1207 1481 diffugit
1230 1419 1402 1475 arator,

287 1483 458 1531 Omnis
482 1485 532 1531 et
555 1482 774 1547 agricola,
799 1485 849 1531 et
871 1485 982 1530 tuta
1003 1483 1127 1531 latet
1149 1499 1257 1532 arce
1278 1483 1436 1532 viator

286 1551 392 1597 Aut
415 1549 568 1597 amnis
589 1549 705 1612 ripis
726 1551 814 1597 aut
837 1549 924 1597 alti
946 1549 1124 1598 fornice
1146 1549 1263 1608 saxi,

288 1615 423 1663 Dum
444 1615 570 1678 pluit
591 1615 644 1663 in
665 1615 806 1663 terris
823 1635 834 1676 3
867 1618 926 1663 ut
947 1616 1147 1679 possint,
1171 1615 1269 1664 sole
1290 1613 1502 1678 reducto,

286 1681 521 1730 Exercere
544 1681 697 1730 diem:
734 1682 801 1729 sic
824 1682 1024 1730 obrutus
1046 1682 1256 1746 undique
1277 1681 1390 1730 telis

286 1747 464 1796 AEneas
486 1747 664 1795 nubem
684 1747 812 1806 belli,
836 1748 952 1796 dum
974 1749 1187 1806 detonet,
1210 1764 1405 1796 omnem

287 1813 520 1872 Sustinet,
543 1815 594 1860 et
616 1812 829 1861 Lausum
849 1813 1120 1876 increpitat,
1145 1813 1396 1876 Lausoque
1419 1811 1658 1863 minatur:

289 1883 315 1905 “
332 1880 438 1938 Quo
459 1879 691 1926 moriture
713 1879 826 1937 ruis,
850 1879 1120 1942 majoraque
1144 1879 1323 1927 viribus
1346 1879 1490 1927 audes
1511 1878 1535 1926 P

288 1945 438 1993 Fallit
458 1947 511 1992 te
532 1945 781 1992 incautum
804 1944 956 2007 pietas
978 1945 1123 1993 tua.'’·
1189 1945 1295 1993 Nec
1318 1945 1478 1993 minus
1500 1943 1581 1992 ille

287 2011 520 2059 Exsultat
543 2010 764 2059 demens:
801 2027 933 2058 saevae
949 2011 1144 2074 jamque
1167 2010 1313 2059 altius
1334 2011 1421 2059 irae

287 2077 533 2125 Dardanio
557 2077 988 2141 surgunt'ductori,
1012 2080 1318 2140 extremaque
1340 2077 1501 2126 Lauso

287 2143 455 2192 Parcae
477 2142 562 2190 fila
582 2143 753 2207 legunt
772 2163 783 2190 :
817 2142 1031 2191 validum
1051 2160 1256 2207 namque
1279 2143 1430 2207 exigit
1453 2157 1615 2192 ensem

288 2208 384 2258 Per
405 2209 619 2257 medium
642 2209 819 2257 AEneas
835 2209 1077 2273 juvenem,
1100 2211 1355 2273 totumque
1377 2209 1592 2257 recondit
1612 2229 1624 2256 ι

288 2275 504 2323 Transiit
527 2277 578 2322 et
599 2291 815 2338 parmam
837 2291 1015 2338 mucro,
1032 2275 1155 2324 levia
1177 2292 1309 2323 arma
1328 2275 1541 2335 minacis,

287 2340 360 2389 Et
381 2340 611 2399 tunicam,
634 2340 768 2387 molli
789 2343 944 2389 mater
966 2358 1110 2403 quam
1134 2344 1329 2390 neverat
1352 2358 1494 2400 auro;

289 2405 614 2470 Implevitque
637 2405 795 2453 sinum
818 2407 1010 2470 sanguis
1028 2426 1039 2466 ;
1072 2409 1182 2455 tum
1203 2408 1306 2455 vita
1326 2423 1411 2470 per
1433 2421 1570 2455 auras

289 2470 538 2521 Concessit
560 2474 730 2519 maesta
755 2471 816 2520 ad
837 2488 1015 2532 manes,
1039 2487 1301 2537 corpusque
1323 2472 1533 2536 reliquit.

288 2539 360 2587 At
382 2554 496 2586 vero
517 2540 575 2585 ut
598 2538 790 2585 vultum
812 2538 935 2586 vidit
957 2538 1205 2587 morientis
1228 2541 1278 2587 et
1301 2555 1397 2598 ora,

291 2605 389 2652 Ora
409 2604 563 2652 modis
586 2603 898 2653 Anchisiades
920 2604 1149 2668 pallentia
1169 2604 1318 2664 miriS,

290 2669 540 2734 Ingemuit
562 2669 790 2718 miserans
813 2671 1038 2734 graviter,
1063 2671 1371 2734 dextramque
1392 2669 1631 2728 tetendit3

290 2735 362 2783 Et
384 2738 598 2784 mentem
619 2735 790 2798 patriae
813 2736 1009 2785 strinxit
1030 2737 1225 2801 p1etatis
1245 2737 1420 2800 imago.

291 2801 463 2859 “Quid
483 2801 576 2849 tibi
598 2818 740 2861 nunc,
763 2801 1027 2850 miserande
1049 2819 1179 2866 puer,
1201 2819 1288 2866 pro
1309 2801 1528 2849 laudibus
1550 2800 1670 2862 istis,

291 2866 419 2924 Quid
440 2866 547 2929 pius
571 2866 746 2915 AEneas
768 2870 911 2916 tanta
932 2868 1067 2917 dabit
1088 2869 1246 2917 indole
1269 2868 1470 2932 dignum
1487 2867 1511 2916 ἶ)

290 2932 456 2996 Arma,
479 2932 650 2996 quibus
673 2933 881 2998 laetatus,
904 2935 1027 2987 habe
1047 2938 1164 2997 tua3
1198 2939 1340 3001 teque
1362 2935 1616 2999 parentum

1782 1152 1880 1200 800

1783 1480 1881 1530 805

1986 1694 1988 1702 Δ
1986 1619 1988 1621 .
1978 1005 1988 1556 -Μ--ι--ᾳ-α-μ-..-η-η
1984 966 1988 972 .
1984 902 1988 938 -.
1984 855 1988 858 ,

1785 1812 1885 1860 810

1781 2142 1880 2190 815

1781 2469 1881 2519 820
1960 2518 1963 2522 .

1962 2734 1974 2747 ν
1963 2594 1988 2724 ..uase-12*¹

1785 2795 1879 2850 825
