1988 3034
782 127 828 161 Ρ.
853 123 1088 162 menan
1109 123 1348 163 morus

264 247 346 297 Ad
368 247 544 297 eoelum
565 243 779 294 undabat
799 245 980 305 vertex,
1000 243 1271 309 turrimque
1291 245 1516 307 tenebat3

265 313 472 372 Turrim,
495 310 754 375 compactis
774 310 991 360 trabibus
1014 327 1158 375 quam
1179 311 1406 361 eduxerat
1427 312 1544 376 ipse,

265 379 642 440 subdideratque
663 380 808 437 rotas,
831 380 1094 442 pontesque
1115 377 1379 426 intraverat
1402 378 1539 427 altos.

266 448 293 471 ‘⁴‘
312 445 348 492 J
350 461 427 493 am
444 445 547 508 jam
567 445 681 503 fata,
705 460 850 504 soror,
874 446 1100 507 superant
1117 464 1128 503 ;
1163 443 1339 492 absiste
1360 444 1536 493 morari
1555 463 1568 504 ;

266 512 372 570 Quo
396 511 510 559 deus
533 512 584 558 et
607 527 700 574 quo
723 511 841 558 dura
862 512 1004 558 vocat
1025 510 1232 569 fortuna,
1256 527 1522 574 sequamur.

266 578 377 625 Stat
400 577 609 625 conferre
631 592 827 624 manum
849 575 1028 635 AEneae,
1052 578 1166 635 stat,
1190 575 1420 639 quidquid
1441 575 1596 625 acerbi
1617 578 1704 635 est,

266 643 430 691 Morte
451 642 582 706 pati;
615 659 707 691 nec
725 658 802 690 me
824 642 1109 701 indecorem,
1132 658 1373 705 germana,
1396 641 1578 690 videbis

266 709 503 772 Amplius,
574 708 738 768 Hunc,
762 725 858 768 oro,
883 708 984 756 sine
1007 724 1084 756 me
1106 708 1259 756 furere
1282 710 1395 756 ante
1416 707 1674 758 furorem.’'

266 775 421 834 Dixit,
445 777 495 822 et
519 791 544 822 e
567 791 710 822 curru
732 774 912 822 saltum
935 774 1068 822 dedit
1091 774 1220 822 ocius
1242 774 1368 822 arvis
1390 794 1402 833 ;

267 841 454 904 Perque
475 840 652 898 hosteS,
675 856 760 902 per
781 840 880 888 tela
901 839 1028 898 ruit3
1062 841 1376 903 maestamque
1399 856 1607 889 sororem

266 906 474 965 Deserit,
498 923 552 954 ac
573 905 739 969 rapido
762 921 904 954 cursu
925 904 1082 954 media
1103 905 1296 969 agmina
1316 907 1515 970 rumpit.

266 973 340 1021 Ae
362 972 515 1020 veluti
536 971 715 1020 montis
739 987 906 1019 saxum
928 971 986 1020 de
1007 971 1185 1020 vertice
1207 987 1412 1035 praeceps

267 1039 430 1098 Quum
450 1038 565 1097 ruit,
589 1037 807 1086 avulsum
829 1039 990 1096 vento,
1013 1053 1098 1085 seu
1117 1037 1340 1085 turbidus
1362 1038 1516 1087 imber

268 1104 473 1163 Proluit,
497 1106 582 1152 aut
606 1103 742 1151 annis
765 1103 910 1151 solvit
932 1102 1153 1166 sublapsa
1173 1105 1417 1164 vetustas3

269 1170 448 1218 Fertur
469 1170 522 1217 in
544 1170 805 1232 abruptum
826 1185 1002 1233 magno
1024 1185 1162 1217 mons
1184 1169 1428 1233 improbus
1450 1172 1577 1231 actu,

268 1237 589 1300 Exsultatque
612 1237 726 1296 solo,
750 1235 905 1295 silvas,
929 1237 1158 1295 armenta,
1181 1234 1401 1298 virosque

267 1301 528 1351 Involvens
549 1318 736 1351 secum:
772 1301 969 1366 disjecta
988 1318 1073 1365 per
1094 1300 1287 1365 agmina
1307 1302 1499 1351 Turnus

269 1368 348 1417 Sic
369 1368 500 1416 urbis
522 1368 621 1416 ruit
644 1369 705 1416 ad
726 1384 904 1427 muros,
926 1368 1012 1416 ubi
1033 1367 1240 1431 plurima
1259 1368 1367 1417 fuso

270 1435 512 1499 Sanguine
532 1437 662 1483 terra
683 1434 859 1493 madet,
883 1433 1189 1496 striduntque
1210 1433 1466 1483 hastilibus
1488 1450 1644 1495 auroe3

270 1501 612 1564 Significatque
635 1517 794 1559 manu,
818 1503 868 1548 et
889 1515 1065 1564 magno
1088 1500 1233 1548 simul
1254 1500 1423 1565 incipit
1446 1517 1554 1550 ore:

270 1570 299 1592 “
313 1567 505 1615 Parcite
519 1567 637 1630 jam,
662 1566 866 1626 Rutuli;
900 1569 950 1615 et
972 1583 1057 1615 vos
1079 1567 1180 1615 tela
1200 1566 1430 1626 inhibete,
1453 1566 1651 1627 Latini3

272 1634 594 1696 Quaecumque
617 1635 691 1680 est
712 1633 919 1692 fortuna,
943 1649 1050 1681 mea
1071 1635 1172 1692 est3
1206 1649 1284 1681 me
1305 1634 1462 1682 verius
1485 1650 1636 1682 unum

271 1698 370 1747 Pro
391 1699 526 1747 vobis
549 1699 701 1746 foedus
724 1698 867 1756 luere,
891 1700 942 1746 et
965 1698 1212 1747 decernere
1233 1699 1407 1747 ferro.”

273 1763 541 1813 Discessere
565 1780 728 1812 omnes
751 1764 910 1822 medii,
934 1764 1234 1827 spatiumque
1258 1765 1439 1813 dedere.

339 1831 410 1877 At
432 1832 569 1894 pater
592 1829 784 1889 AEneas,
808 1829 972 1877 audito
994 1830 1187 1878 nomine
1210 1830 1376 1890 Turni,

276 1894 467 1944 Deserit
489 1898 539 1944 et
561 1913 737 1955 muros,
761 1897 812 1943 et
834 1911 1042 1944 summas
1065 1896 1239 1944 deserit
1262 1913 1418 1956 arees3

276 1961 644 2025 Praecipitatque
665 1978 822 2010 moras
846 1978 1007 2010 omnes
1024 1982 1036 2021 3
1070 1978 1212 2025 opera
1233 1963 1392 2010 omnia
1412 1961 1609 2026 rumpit,

274 2027 474 2077 Laetitia
495 2028 751 2088 exsultans,
773 2027 1156 2090 horrendumque
1176 2028 1370 2076 intonat
1393 2029 1564 2076 armis:

276 2094 497 2153 Quantus
519 2094 694 2153 Athos,
718 2096 804 2141 aut
828 2096 1036 2158 quantus
1058 2094 1209 2158 Eryx,
1232 2097 1317 2142 aut
1337 2095 1438 2158 ipse
1461 2093 1665 2142 coruscis

277 2160 439 2218 Quum
458 2160 621 2208 fremit
642 2159 830 2208 ilicibus
854 2163 1076 2223 quantus,
1100 2160 1370 2224 gaudetque
1391 2160 1539 2208 nivali

276 2226 491 2286 Vertice,
507 2242 555 2274 se
578 2226 803 2274 attollens
825 2228 962 2289 pater
983 2226 1295 2290 Appenninus
1317 2227 1379 2275 ad
1400 2242 1551 2275 auras.

280 2292 314 2340 J
316 2309 395 2340 am
415 2309 527 2340 vero
551 2294 602 2340 et
626 2291 800 2339 Rutuli
823 2292 1058 2351 certatim,
1082 2294 1131 2340 et
1154 2292 1319 2351 Troes,
1343 2295 1393 2340 et
1415 2309 1579 2341 omnes
1653 2307 1666 2324 ·

279 2358 566 2407 Convertere
589 2358 748 2406 oculos
771 2357 901 2416 Itali,
925 2358 1101 2421 quique
1122 2358 1220 2406 alta
1241 2359 1471 2406 tenebant

279 2424 477 2484 Moenia,
501 2424 674 2488 quique
695 2424 816 2471 imos
838 2424 1092 2487 pulsabant
1114 2424 1258 2471 ariete
1280 2440 1468 2482 mur0s3

281 2491 520 2554 Armaque
543 2491 799 2554 deposuere
820 2489 1046 2537 humeris.
1115 2490 1290 2553 Stupet
1311 2490 1412 2553 ipse
1435 2488 1653 2550 Latinus,

281 2556 527 2620 Ingentes,
551 2556 739 2620 genitos
763 2555 959 2604 diversis
981 2555 1196 2619 partibus
1220 2555 1361 2616 orbis,

282 2622 421 2670 Inter
443 2638 493 2670 se
516 2623 681 2670 coiisse
702 2622 842 2682 viros,
866 2624 917 2670 et
940 2638 1126 2670 cernere
1147 2622 1285 2669 ferro.

284 2689 444 2750 Atque
466 2687 550 2748 illi,
573 2690 630 2735 ut
653 2704 801 2735 vacuo
823 2689 1085 2751 patuerunt
1106 2704 1292 2750 aequore
1313 2687 1482 2752 campi,

284 2752 524 2801 Procursu
546 2753 724 2817 rapido,
748 2754 973 2818 conjectis
997 2754 1180 2802 eminus
1201 2752 1369 2814 hastis,

284 2817 532 2870 Invadunt
554 2820 769 2871 Martem
791 2820 951 2886 clipeis
974 2821 1117 2885 atque
1138 2834 1231 2870 aere
1252 2834 1436 2870 sonore.

1760 377 1859 442 675

1759 709 1860 758 680

1760 1035 1861 1088 685

1763 1361 1864 1417 690

1763 1696 1862 1746 695

1767 2024 1865 2076 700

1768 2354 1863 2404 705

1767 2685 1868 2736 710

1984 2783 1988 2832 -.-
1982 2613 1988 2765 ...ψ-
1979 2501 1988 2598 *Α*
1981 2227 1988 2487 μ-..Α--ῌμ
1983 2199 1988 2215 -
1983 2161 1988 2188 .,.
1985 2141 1988 2148 ,
