1988 3034
822 222 869 256 1³.
891 220 1129 259 menan
1150 220 1390 262 mons

311 337 578 404 Imperium
600 338 808 394 solemne
831 356 989 391 socer:
1023 340 1147 390 mihi
1166 342 1346 398 moenia
1365 344 1538 394 Teucri

313 405 640 465 constituent,
662 407 862 471 urbique
885 407 1020 456 dabit
1041 408 1245 458 Lavinia
1264 411 1489 459 nomen.’'

312 471 391 520 Sic
411 471 540 535 prior
562 471 767 534 AEneas3
802 475 1017 538 sequitur
1039 475 1106 523 sic
1129 476 1298 526 deinde
1319 476 1525 526 Latinus

312 537 581 601 Suspiciens
605 539 791 599 eoelum,
813 541 1066 605 tenditque
1089 542 1150 590 ad
1172 542 1326 591 sidera
1347 543 1593 592 dextramz

312 606 340 629 “
355 603 477 651 Haec
500 604 678 665 eadem,
702 606 869 666 AEnea,
894 607 1105 667 Terram,
1129 607 1283 667 Mare,
1307 609 1484 667 Sidera,
1500 609 1627 674 juro,

311 668 606 734 Latonaeque
627 688 780 735 genus
804 672 992 736 duplex,
1017 673 1053 720 J
1055 689 1292 737 anumque
1313 674 1586 735 bifrontem,

311 735 517 798 Vimque
540 737 684 784 deum
705 738 941 787 infernam
964 741 1014 787 et
1037 739 1145 786 duri
1167 740 1371 788 sacraria
1393 740 1526 789 Ditis
1547 762 1559 799 ;

310 802 494 850 Audiat
516 802 621 851 haec
645 803 862 865 Genitor,
886 805 968 868 qui
989 805 1167 854 foedera
1186 806 1388 855 fulmine
1410 807 1564 856 sancit
1582 827 1594 866 ;

311 867 480 931 Tango
504 886 635 928 aras3
669 870 850 919 medios
872 871 1008 934 ignes
1032 875 1082 920 et
1104 873 1303 920 numina
1322 875 1505 922 testor:

311 933 462 982 Nulla
484 934 582 983 dies
605 952 770 998 pacem
792 937 916 984 hanc
940 937 1096 997 Italis,
1120 955 1207 986 nec
1229 938 1408 987 foedera
1427 941 1636 1003 rumpet,

312 999 419 1059 Quo
440 1017 515 1049 res
539 1018 741 1064 cumque
764 1003 963 1062 cadent3
997 1020 1083 1052 nec
1107 1021 1184 1052 me
1206 1005 1278 1053 vis
1300 1004 1399 1052 ulla
1419 1005 1661 1054 volentem

310 1066 544 1127 Avertet;
577 1084 689 1128 non,
714 1069 755 1117 si
776 1069 996 1117 tellurem
1020 1070 1235 1118 effundat
1255 1070 1310 1118 in
1331 1070 1498 1131 undas,

310 1131 510 1181 Diluvio
533 1133 750 1193 miscens,
775 1135 1040 1199 coelumque
1062 1136 1113 1183 in
1137 1136 1341 1185 Tartara
1358 1137 1541 1186 solvat:

311 1195 386 1245 Ut
416 1200 658 1261 sceptrum
680 1199 771 1248 hoc
800 1200 991 1262 (dextra
1012 1204 1255 1265 sceptrum
1275 1219 1389 1251 nam
1411 1204 1536 1252 forte
1558 1203 1777 1267 gerebat)

310 1262 574 1327 Nunquam
596 1265 763 1314 fronde
784 1265 880 1314 levi
900 1267 1071 1315 fundet
1092 1267 1306 1332 virgulta
1326 1285 1480 1333 neque
1502 1271 1710 1330 umbraS,

311 1330 473 1389 Quum
496 1331 642 1379 semel
663 1331 716 1379 in
738 1331 869 1380 silvis
892 1332 991 1381 imo
1014 1333 1072 1381 de
1096 1334 1244 1397 stirpe
1265 1335 1471 1384 recisum

310 1394 474 1445 Matre
498 1399 641 1457 caret,
665 1398 920 1462 posuitque
942 1416 1104 1448 comas
1127 1403 1177 1448 et
1200 1400 1395 1449 brachia
1414 1401 1568 1462 ferro;

312 1461 441 1510 Olim
464 1463 795 1514 arbos—nunc
818 1465 1015 1514 artificis
1037 1482 1206 1515 manus
1229 1483 1320 1515 aere
1342 1467 1511 1516 decoro
1813 1469 1912 1516 210
1968 1499 1969 1502 =

310 1526 533 1589 Inclusit,
556 1530 865 1595 patribusque
888 1532 1022 1581 dedit
1044 1535 1232 1596 gestare
1254 1533 1493 1582 Latinis.'’

309 1593 507 1644 Talibus
527 1596 656 1645 inter
678 1613 728 1645 se
750 1598 1008 1647 firmabant
1029 1599 1207 1648 foedera
1228 1599 1385 1658 dictis,

311 1659 582 1725 Conspectu
603 1663 654 1710 in
677 1664 835 1713 medio
856 1681 1118 1728 procerum.
1189 1665 1316 1714 Tum
1338 1666 1431 1715 rite
1454 1666 1659 1715 sacratas

310 1725 375 1774 In
395 1727 640 1777 flammam
654 1730 884 1793 jugulant
906 1732 1123 1795 pecudes,
1148 1734 1198 1780 et
1219 1732 1400 1780 viscera
1420 1731 1542 1780 vivis

310 1792 554 1857 Eripiunt,
578 1796 918 1860 cumulantque
941 1798 1147 1846 oneratis
1169 1798 1383 1847 lancibus
1407 1814 1526 1846 aras.
1816 1797 1914 1846 215
1968 1813 1975 1854 ;

376 1859 449 1907 At
471 1876 583 1909 vero
606 1860 804 1909 Rutulis
826 1862 980 1926 impar
1002 1880 1057 1912 ea
1077 1880 1241 1927 pugna
1260 1863 1413 1912 videri

311 1923 348 1971 J
349 1925 623 1986 amdudum‚
647 1929 697 1974 et
719 1927 850 1976 vario
872 1928 1060 1977 misceri
1080 1932 1274 1993 pectora
1295 1931 1462 1988 motu3

310 1989 440 2038 Tum
461 1992 630 2055 magis,
653 1995 711 2040 ut
733 1994 927 2057 propius
951 1998 1153 2043 cernunt
1175 2013 1272 2044 non
1295 1996 1476 2044 viribus
1499 1993 1660 2059 aequis.

311 2057 528 2122 Adjuvat
550 2059 739 2107 incessu
759 2060 910 2108 tacito
932 2078 1209 2125 progressus
1231 2064 1282 2110 et
1305 2078 1437 2110 aram

312 2122 601 2187 Suppliciter
622 2141 852 2174 venerans
876 2126 1080 2176 demisso
1102 2127 1282 2176 lumine
1305 2127 1512 2186 TurnuS,
1814 2128 1915 2176 220

313 2189 645 2254 Tabentesque
667 2208 815 2256 genae,
839 2194 890 2240 et
905 2193 1121 2256 juvenali
1141 2194 1194 2242 in
1217 2210 1411 2258 corpore
1431 2192 1599 2257 pallor.

314 2255 470 2314 Quem
493 2256 635 2304 simul
657 2274 711 2306 ac
735 2258 772 2305 J
773 2261 954 2306 uturna
975 2276 1107 2308 soror
1130 2260 1420 2309 crebrescere
1439 2259 1567 2307 vidit

313 2321 604 2382 Sermonem,
629 2325 679 2370 et
700 2324 836 2387 vulgi
858 2325 1039 2373 variare
1061 2326 1274 2374 labantia
1296 2326 1466 2375 corda:

314 2386 378 2434 In
399 2387 578 2436 medias
602 2389 738 2449 acieS,
760 2390 965 2438 formam
987 2391 1264 2439 assimulata
1287 2390 1566 2439 Camerti—

314 2452 408 2501 Cui
429 2470 580 2517 genus
604 2471 631 2502 a
652 2455 840 2518 proavis
863 2456 1049 2520 ingens,
1073 2457 1346 2520 clarumque
1367 2459 1578 2519 paternae
1815 2458 1915 2505 225

313 2519 506 2568 Nomen
529 2523 632 2568 erat
654 2521 864 2582 virtutis,
888 2526 938 2570 et
960 2523 1061 2586 ipse
1084 2523 1337 2572 acerrimus
1360 2522 1568 2570 armis—

315 2585 379 2632 In
401 2585 579 2634 medias
603 2587 687 2635 dat
710 2604 811 2636 sese
833 2588 969 2648 acies,
991 2589 1123 2637 haud
1143 2590 1301 2639 nescia
1320 2605 1493 2648 rerum,

315 2651 645 2716 Rumoresque
667 2654 783 2702 serit
805 2655 975 2715 varios,
999 2671 1054 2703 ac
1075 2655 1193 2704 talia
1212 2657 1368 2704 fatur:

317 2718 476 2767 “Non
497 2720 662 2782 pudet,
686 2737 714 2768 o
736 2719 927 2781 Rutuli,
949 2738 1036 2785 pro
1060 2722 1244 2771 cunctis
1266 2721 1444 2770 talibus
1467 2736 1615 2768 unam

318 2783 568 2848 Objectare
590 2785 839 2836 animam?
873 2804 1148 2848 numerone,
1171 2805 1233 2837 an
1254 2788 1436 2836 viribus
1459 2787 1584 2851 aequi
1766 2826 1772 2827 ff
1813 2789 1916 2837 230

318 2848 435 2897 Non
458 2851 662 2900 sumus?
695 2852 792 2913 En,
817 2870 980 2903 omnes
1003 2856 1053 2902 et
1076 2855 1242 2914 Τιόἓε,
1265 2856 1316 2903 et
1338 2854 1562 2916 Arcades,
1585 2850 1641 2902 hi
1662 2855 1794 2918 sunt,

323 2913 623 2982 [Fatalisque
644 2935 828 2983 manue,
850 2920 1036 2972 infensa
1058 2920 1257 2972 Etruria
1278 2919 1486 2987 Turno]

1810 1138 1908 1186 205
