1988 3034
800 217 847 255 r.
870 216 1108 255 vlnenan
1130 217 1370 256 meme

300 337 593 386 Praestantes
608 335 790 385 virtute
810 336 959 401 legit3
992 354 1099 401 pars
1122 340 1279 387 cetera
1299 355 1449 403 prona

301 402 479 451 Fertur
500 420 635 467 aqua,
653 403 902 467 segnisque
926 404 1132 452 secundo
1153 404 1319 452 defluit
1341 404 1485 463 amni,

300 467 495 517 Nuncia
514 473 717 516 ventura
737 469 942 517 Ascanio
964 486 1214 532 rerumque
1236 470 1493 533 patrisque.

301 533 495 582 Dantur
517 535 627 598 equi
649 534 843 582 Teucris
866 534 1115 598 Tyrrhena
1135 536 1408 598 petentibus
1433 551 1572 584 arva:

300 599 503 647 Ducunt
526 603 761 647 exsortem
783 600 961 658 AEneae,
985 617 1126 663 quem
1148 601 1280 647 fulva
1300 601 1450 648 leonis

300 664 448 713 Pellis
471 666 574 713 obit
595 668 772 723 totum,
795 666 1077 728 praefulgens
1100 666 1340 729 unguibus
1363 665 1530 713 aureis.

366 731 520 778 Fama
540 731 671 779 volat
694 747 888 794 parvam
911 732 1070 779 subito
1092 732 1290 795 vulgata
1311 748 1394 794 per
1415 733 1597 792 urbem,

301 795 446 844 Ocius
468 797 536 844 ire
559 797 741 860 equites
765 797 1003 860 Tyrrheni
1025 797 1086 844 ad
1106 797 1272 844 limina
1291 797 1433 860 regis.

299 860 431 910 Vota
451 864 586 910 metu
609 862 853 925 duplicant
875 865 1069 921 matres,
1093 863 1377 926 propiusque
1399 861 1574 925 periclo

301 926 356 974 It
376 927 539 985 timor,
562 930 613 975 et
635 927 786 990 major
808 927 985 975 Martis
1002 928 1104 991 jam
1128 932 1322 991 apparet
1343 928 1518 991 imago.

300 992 428 1040 Tum
449 996 587 1056 pater
608 993 875 1052 Evandrus,
899 994 1116 1041 dextram
1139 994 1409 1056 complexus
1432 993 1606 1054 euntis,

301 1057 485 1116 Haeret,
507 1059 802 1122 inexpletum
823 1059 1089 1117 lacrimans,
1114 1076 1167 1106 ae.
1189 1060 1310 1106 talia
1330 1059 1486 1106 fatur:

301 1127 331 1149 “
346 1122 388 1171 Ο
411 1124 532 1171 mihi
554 1124 823 1187 praeteritos
839 1125 1011 1172 referat
1035 1125 1075 1171 si
1098 1124 1294 1187 Jupiter
1322 1125 1496 1172 annos!

302 1189 467 1248 Qualis
491 1206 634 1248 eram,
654 1206 802 1252 quum
824 1191 1028 1252 primam
1051 1191 1201 1237 aciem
1224 1190 1467 1238 Praeneste
1490 1189 1579 1239 sub
1600 1189 1704 1255 ipsa

301 1254 460 1303 Stravi
483 1259 820 1318 scutorumque
842 1256 1030 1304 incendi
1051 1256 1206 1303 victor
1228 1272 1433 1316 acervos,

300 1320 372 1368 Et
394 1337 557 1384 regem
577 1321 667 1368 hac
695 1321 920 1368 Herilum
942 1322 1110 1369 dextra
1132 1322 1220 1368 sub
1244 1321 1447 1369 Tartara
1466 1320 1603 1370 misi:

299 1385 352 1432 N
355 1386 534 1434 ascenti
557 1386 633 1434 cui
654 1389 752 1434 tres
770 1387 950 1434 animas
974 1387 1179 1435 Feronia
1199 1389 1367 1446 mater,

300 1451 610 1500 Horrendum
634 1452 780 1510 dictu,
804 1453 1011 1510 dederat,
1033 1455 1172 1500 terna
1193 1469 1325 1500 arma
1344 1452 1606 1510 movenda;

300 1517 396 1564 Ter
417 1518 514 1566 leto
537 1517 817 1566 sternendus
841 1520 970 1576 erat3
1005 1518 1081 1565 cui
1101 1521 1220 1565 tunc
1241 1521 1406 1566 tamen
1428 1533 1591 1566 omnes

301 1583 522 1630 Abstulit
543 1583 644 1630 haec
667 1583 848 1630 animas
871 1584 1051 1642 dextra,
1074 1587 1124 1631 et
1146 1584 1353 1631 totidem
1375 1583 1508 1631 exuit
1530 1581 1687 1632 armis.

300 1647 418 1696 Non
440 1665 528 1711 ego
551 1665 679 1695 nunc
701 1649 830 1695 dulci
851 1649 1071 1711 amplexu
1094 1649 1337 1697 divellerer
1358 1665 1560 1712 usquam

301 1713 447 1772 Nate,
469 1717 585 1771 tuo3
618 1730 770 1776 neque
792 1713 1025 1761 finitimus
1049 1714 1318 1762 Mezentius
1340 1731 1541 1777 usquam

301 1778 434 1826 Huic
458 1779 603 1842 capiti
623 1779 872 1837 insultans,
895 1782 974 1826 tot
997 1779 1120 1827 ferro
1143 1796 1272 1827 saeva
1293 1780 1499 1827 dedisset

302 1843 506 1903 Funera,
529 1847 632 1892 tam
654 1845 820 1891 multis
842 1845 1084 1892 viduasset
1106 1845 1287 1893 civibus
1309 1845 1491 1892 urbem.

301 1910 373 1957 At
395 1926 493 1969 vos,
517 1926 546 1957 o
568 1910 739 1972 superi,
763 1913 812 1957 et
835 1911 1000 1957 divum
1021 1913 1079 1957 tu
1100 1911 1304 1958 maxime
1324 1913 1481 1958 rector

302 1974 511 2038 Jupiter,
535 1975 740 2033 Arcadii,
763 1992 935 2039 quaeso,
957 1976 1243 2023 miserescite
1265 1977 1406 2039 regis,

302 2040 374 2088 Et
397 2041 574 2104 patrias
597 2041 758 2088 audite
779 2058 965 2104 preces:
1003 2041 1054 2087 Si
1076 2042 1273 2089 numina
1293 2044 1455 2090 vestra

303 2105 600 2154 Incolumem
624 2106 828 2153 Palanta
849 2107 983 2165 mihi,
1007 2107 1048 2153 si
1069 2107 1169 2154 fata
1189 2110 1448 2167 reservant,

303 2171 356 2218 Si
376 2173 562 2219 visurus
586 2187 695 2220 eum
718 2172 842 2231 vivo,
866 2176 915 2220 et
937 2175 1167 2220 venturus
1189 2174 1239 2220 in
1262 2190 1429 2231 unum,

302 2236 471 2284 Vitam
493 2254 603 2295 oro;
636 2237 792 2299 patiar
814 2238 1028 2300 quemvis
1052 2239 1219 2286 durare
1241 2239 1478 2287 laborem:

304 2302 390 2349 Sin
412 2302 616 2365 aliquem
638 2303 886 2348 infandum
909 2319 1084 2360 casum,
1108 2303 1338 2363 Fortuna,
1361 2304 1570 2361 minaris,

303 2367 357 2415 N
358 2384 464 2426 unc,
488 2384 516 2415 o
538 2384 664 2414 nunc
686 2367 828 2415 liceat
850 2368 1085 2415 crudelem
1109 2369 1384 2431 abrumpere
1406 2369 1572 2427 vitam,

304 2433 438 2479 Dum
461 2449 582 2480 curae
605 2433 851 2495 ambiguae,
875 2434 990 2480 dum
1013 2450 1117 2496 spes
1139 2434 1320 2481 incerta
1340 2434 1506 2491 futuri,

305 2498 440 2545 Dum
461 2501 527 2556 te,
550 2514 655 2545 care
676 2515 808 2561 puer,
834 2515 941 2546 mea
963 2515 1066 2546 sera
1088 2502 1138 2546 et
1161 2499 1261 2547 sola
1281 2499 1517 2562 voluptas,

307 2563 571 2626 Complexu
590 2566 730 2611 teneo
748 2584 760 2622 3
793 2564 982 2627 gravior
1003 2581 1063 2612 ne
1085 2565 1286 2612 nuncius
1309 2581 1443 2612 aures

305 2627 587 2676 Vulneret.”
658 2629 780 2676 Haec
803 2630 992 2693 genitor
1014 2630 1229 2693 digressu
1251 2630 1380 2678 dicta
1401 2644 1620 2692 supremo

308 2693 591 2741 Fundebat:
626 2694 793 2741 famuli
815 2695 1073 2758 collapsum
1094 2696 1145 2743 in
1167 2699 1297 2743 tecta
1317 2696 1548 2743 ferebant.

374 2758 581 2822 Jamque
603 2759 718 2807 adeo
742 2760 919 2808 exierat
940 2761 1091 2823 portis
1114 2762 1354 2824 equitatus
1377 2761 1580 2825 apertis3

308 2824 484 2874 AEneas
505 2825 633 2871 inter
653 2825 830 2887 primos
853 2828 903 2872 et
925 2827 1048 2873 fidus
1071 2827 1308 2886 Achates3

308 2889 432 2939 Inde
453 2889 534 2939 alii
555 2889 710 2955 Trojae
730 2906 972 2954 proceres;
1004 2892 1106 2956 ipse
1127 2892 1316 2957 agmine
1339 2891 1496 2942 Pallas

1782 471 1884 519 550

1784 796 1882 845 555

1785 1125 1884 1172 560

1787 1452 1886 1500 565

1792 2104 1890 2154 575

1794 2433 1890 2480 580

1793 2758 1891 2812 585
