1988 3034
667 428 724 487 P.
756 424 1048 486 VIRGILII
1076 426 1369 486 MARONIS

583 598 1457 712 AENEIDos

787 802 956 845 LIBER
992 801 1259 846 OCTAVUS.

221 1088 304 1138 Um
327 1089 441 1139 belli
465 1089 658 1154 signum
680 1089 915 1139 Laurenti
937 1089 1130 1138 Turnus
1154 1089 1214 1138 ab
1239 1105 1344 1138 arce

219 1156 432 1217 Extulit,
456 1159 506 1204 et
527 1173 671 1205 rauco
694 1158 1003 1220 strepuerunt
1026 1172 1204 1204 cornua
1226 1158 1402 1216 cantu3

219 1222 391 1284 thue
414 1238 544 1271 acres
567 1223 809 1272 concussit
832 1239 991 1287 equos,
1015 1224 1165 1286 utque
1187 1221 1384 1285 impulit
1405 1236 1566 1284 arma;

220 1287 485 1352 Extemplo
507 1289 696 1336 turbati
718 1289 882 1348 animi,
906 1287 1050 1336 simul
1072 1305 1212 1336 omne
1234 1288 1455 1336 tumultu

222 1353 460 1418 Conjurat
481 1355 670 1417 trepido
694 1354 907 1413 Latium,
931 1354 1161 1416 saevitque
1176 1355 1409 1418 juventus

222 1420 401 1468 Effera.
470 1419 710 1468 Ductores
733 1420 878 1484 primi
901 1420 1153 1483 Messapus
1177 1422 1227 1468 et
1251 1419 1420 1480 Ufens,
1451 1465 1454 1468 ,

224 1485 606 1549 Contemtorque
629 1487 773 1534 deum
795 1486 1083 1544 Mezentius,
1106 1486 1317 1550 undique
1340 1488 1523 1551 cogunt

222 1552 431 1611 Auxilia,
455 1554 506 1599 et
528 1552 653 1599 latos
676 1554 872 1599 vastant
895 1551 1157 1600 cultoribus
1181 1569 1335 1615 agros.

224 1617 455 1666 Mittitur
478 1619 529 1665 et
551 1617 716 1680 magni
737 1618 952 1665 Venulus
975 1617 1224 1665 Diomedis
1249 1618 1310 1665 ad
1331 1618 1516 1677 urbem,

224 1683 325 1742 Qui
346 1685 483 1747 petat
507 1683 751 1743 auxilium,
776 1686 840 1742 et,
864 1683 1008 1731 Latio
1033 1683 1290 1731 consistere
1315 1684 1540 1744 Teucros,

224 1749 503 1798 Advectum
525 1749 712 1798 AEnean
735 1749 886 1809 classi,
909 1749 1155 1813 victosque
1178 1751 1374 1812 penates

225 1814 426 1875 Inferre‚
450 1817 501 1863 et
522 1815 635 1862 fatis
658 1832 820 1879 regem
844 1832 893 1864 se
917 1816 1070 1864 dicere
1091 1815 1236 1879 posci,

225 1880 458 1940 Edoceat‚
482 1881 752 1945 multasque
774 1881 876 1930 viro
900 1898 949 1929 se
973 1881 1229 1945 adjungere
1252 1883 1423 1945 gentes

226 1947 487 2006 Dardanio,
512 1949 562 1994 et
584 1947 681 1995 late
704 1947 847 1996 Latio
869 1948 1210 1995 increbrescere
1232 1964 1423 1997 nomen.

227 2013 358 2071 Quid
382 2015 540 2061 struat
562 2013 639 2060 his
663 2013 846 2077 coeptis,
871 2030 1027 2077 quem,
1051 2013 1093 2061 si
1113 2014 1310 2061 fortuna
1331 2014 1572 2077 sequatur,

226 2078 479 2126 Eventum
499 2094 676 2142 pugnae
699 2080 874 2143 cupiat,
897 2079 1196 2128 manifestius
1218 2080 1325 2144 ipsi,

229 2144 387 2203 Quam
411 2145 576 2192 Turno
598 2145 715 2207 regi,
739 2147 823 2193 aut
845 2146 950 2209 regi
972 2162 1195 2209 apparere
1218 2145 1412 2194 Latino.

295 2209 434 2257 Talia
454 2226 539 2272 per
561 2209 786 2259 Latium:
823 2227 931 2274 quae
953 2210 1328 2258 Laomedontius
1351 2211 1492 2259 heros

229 2274 420 2323 Cuncta
441 2275 606 2323 videns
629 2292 806 2339 magno
829 2293 1050 2323 curarum
1071 2277 1276 2324 fluctuat
1300 2279 1451 2335 aestu3

229 2342 396 2405 Atque
419 2341 632 2388 animum
654 2358 782 2389 nunc
804 2342 899 2390 huc
922 2342 1134 2402 celerem,
1158 2358 1285 2389 nunc
1309 2341 1482 2389 dividit
1505 2340 1634 2402 illuc,

231 2406 296 2454 In
317 2409 571 2470 partesque
593 2407 720 2470 rapit
742 2408 909 2466 varias,
931 2424 1107 2471 perque
1131 2407 1290 2455 omnia
1311 2411 1484 2455 versat.

231 2472 371 2520 Sicut
393 2489 528 2536 aquae
549 2473 811 2521 tremulum
833 2474 977 2521 labris
999 2474 1084 2521 ubi
1105 2473 1269 2521 lumen
1292 2473 1456 2521 ahenis

231 2538 341 2586 Sole
363 2555 704 2602 repercussum,
729 2542 814 2587 aut
836 2540 1066 2587 radiantis
1088 2539 1296 2603 ima-gine
1319 2539 1485 2599 Lunae,

232 2603 408 2652 Omnia
429 2605 688 2668 pervolitat
709 2605 806 2653 late
823 2606 940 2663 loca,
956 2606 1151 2670 jamque
1174 2606 1264 2653 sub
1287 2621 1423 2653 auras

232 2669 470 2732 Erigitur,
494 2671 760 2732 summique
782 2671 894 2718 ferit
915 2671 1153 2733 laquearia
1173 2671 1310 2719 tecti.

232 2734 347 2782 Nox
370 2738 486 2796 erat,
510 2739 560 2784 et
582 2739 733 2784 terras
757 2737 978 2785 animalia
999 2738 1122 2785 fessa
1141 2753 1226 2801 per
1248 2751 1413 2784 omnes

235 2800 458 2851 Alituum
479 2803 810 2867 pecudumque
832 2820 983 2867 genus
1010 2820 1150 2868 sopor
1172 2803 1299 2852 altus
1321 2800 1558 2850 habebat:

1763 1687 1826 1732 10

1767 2015 1826 2061 15

1759 2344 1823 2389 20
