1988 3034
674 62 720 116 ξι).
744 79 979 116 ΠΒΘῙΗῙ
1001 78 1242 135 MAnoms

180 196 276 247 Est
299 195 418 246 mihi
438 198 566 257 nata,
589 196 690 245 viio
714 198 872 262 gentis
895 214 1036 262 quam
1053 197 1254 261 jungere
1275 194 1467 255 nostrae,

179 265 349 313 Non›
319 265 473 327 patrio
497 281 552 312 ex
576 265 721 327 adyto
747 269 911 321 sortes,
935 280 1033 311 non
1057 264 1260 326 plurima
1280 262 1399 310 coelo

180 329 406 378 Monstra
427 330 619 377 sinunt:
655 345 851 392 generos
875 329 1082 404 externis
1108 328 1252 375 affore
1274 328 1333 375 ab
1357 325 1467 385 oriS,
1664 325 1766 374 270

180 394 292 443 Hoc
316 395 458 443 Latio
480 401 658 442 restare
682 397 874 452 canunt,
899 393 981 456 qui
1004 394 1234 456 sanguine
1256 396 1478 440 nostrum

178 459 408 508 Nomen'
394 477 446 507 m
469 465 598 507 astra
618 461 788 507 ferant.
857 459 1006 506 Hunc
1028 459 1168 505 illum
1189 474 1380 521 poscere
1401 458 1503 504 fata

179 525 251 573 Et
272 542 391 584 reor,
415 528 478 583 et,
503 526 543 573 si
567 526 680 588 quid
702 525 804 572 veri
826 541 959 572 mens
983 526 1202 586 augurat,
1226 524 1392 586 opto.”

179 590 306 639 Haec
329 592 514 649 effatus,
538 607 682 653 equos
704 607 903 638 numero
925 594 1062 653 pater
1083 589 1220 651 eligit
1243 587 1389 636 omni.

179 656 386 704 Stabant
407 659 484 704 ter
505 660 699 703 centum
721 656 899 702 nitidi
886 671 938 702 in
953 655 1241 717 praesepibus
1265 655 1404 704 altis:
1668 653 1766 702 275

180 721 416 769 Omnibus
439 722 677 785 extemplo
700 721 893 768 Teucris
909 721 1050 783 jubet
1073 719 1236 767 ordine
1259 719 1369 766 duci

179 786 423 835 Instratos
446 790 576 835 ostro
599 787 802 850 alipedes
825 786 1060 849 pictisque
1082 785 1288 848 tapetis.

179 854 343 900 Aurea
363 853 633 916 pectoribus
657 852 861 899 demissa
882 852 1078 899 monilia
1098 851 1340 913 pendent,

180 917 321 966 Tecti
343 934 472 976 auro,
495 919 682 965 fulvum
703 918 940 965 mandunt
963 917 1051 964 sub
1075 917 1300 964 dentibus
1323 931 1524 980 aurum3

179 984 387 1031 Absenti
409 957 576 1031 Afineae
598 1000 789 1031 currum
812 983 1120 1046 geminosque
1135 982 1324 1045 jugales
1668 983 1770 1030 280

180 1048 372 1097 Semine
395 1050 455 1097 ab
477 1050 675 1097 aetherio
699 1049 931 1112 spirantes
955 1048 1183 1095 naribus
1170 1064 1350 1110 ignem,

180 1113 399 1162 Illorum
406 1115 465 1163 de
486 1118 644 1178 gente,
667 1115 792 1177 patri
815 1131 932 1177 quos
955 1114 1138 1161 daedala
1160 1113 1295 1161 Circe

181 1180 441 1242 Supposita
462 1181 520 1228 de
542 1183 696 1228 matre
718 1180 894 1228 nothos
916 1180 1076 1226 furata
1097 1179 1294 1226 creavit.

181 1244 378 1293 Talibus
400 1245 629 1292 AEneadae
658 1245 794 1293 donis
817 1245 1050 1308 dictisque
1074 1244 1239 1292 Latini

181 1310 418 1359 Sublim‹3s
441 1311 493 1358 in
515 1311 646 1374 equis
671 1311 886 1368 redeunt,
909 1327 1166 1373 pacemque
1187 1309 1450 1373 reportant.
1672 1311 1771 1358 285

247 1376 376 1424 Ecce
398 1379 561 1424 autem
583 1375 794 1423 Inachiis
817 1392 917 1423 sese
939 1376 1171 1422 referebat
1194 1376 1254 1422 ab
1277 1375 1423 1437 Argis

183 1440 325 1489 Saeva
346 1441 382 1488 J
384 1440 485 1490 ovis
509 1442 695 1505 conjux,
719 1457 947 1503 aurasque
968 1443 1158 1488 invecta
1178 1441 1404 1500 tenebat3

180 1506 256 1555 Et
277 1506 445 1554 laetum
467 1507 671 1554 AEneam
694 1507 982 1568 classemque
1005 1523 1062 1553 ex
1083 1507 1262 1554 aethere
1284 1507 1430 1569 longo

183 1571 478 1620 Dardaniam
502 1572 659 1620 Siculo
682 1572 924 1634 prospexit
947 1572 1007 1619 ab
1029 1587 1178 1632 usque
1201 1571 1448 1637 PachynO.

183 1637 352 1686 Moliri
366 1637 470 1701 jam
491 1640 623 1685 tecta
643 1638 790 1695 videt,
806 1638 909 1700 jam
930 1638 1074 1684 fidere
1095 1640 1265 1695 terrae3
1673 1638 1776 1686 290

183 1703 462 1752 Deseruisse
484 1706 625 1751 rates.
695 1703 845 1751 Stetit
868 1703 964 1750 acri
985 1703 1080 1750 fixa
1101 1703 1276 1750 dolore.

185 1768 315 1815 Tum
337 1785 563 1832 quassans
586 1772 744 1832 caput,
768 1769 869 1816 haec
894 1769 1097 1816 effundit
1118 1771 1310 1830 pectore
1333 1765 1492 1820 dicta:

186 1837 214 1859 “
234 1834 350 1882 Heu
372 1835 571 1898 stirpem
592 1835 809 1892 invisam,
834 1837 883 1881 et
906 1834 1017 1881 fatis
1041 1834 1278 1881 contraria
1298 1835 1475 1882 nostris

185 1898 315 1947 Fata
337 1899 617 1964 Phrygum!
652 1917 770 1947 num
794 1900 949 1963 Sigeis
973 1900 1250 1947 occumbere
1274 1900 1468 1962 campis,

186 1965 324 2013 Num
347 1966 475 2029 capti
497 1969 694 2028 potuere
717 1966 820 2028 capi
833 1965 860 2015 ’Β
894 1982 1011 2012 num
1033 1965 1226 2012 incensa
1248 1966 1478 2013 cremavit
1674 1966 1774 2013 295

187 2030 333 2094 Troja
353 2031 519 2079 viros?
553 2031 732 2078 medias
756 2031 877 2078 acies
899 2031 1172 2094 mediosque
1198 2047 1282 2093 per
1302 2030 1438 2092 ignes

187 2095 421 2144 Invenere
442 2097 584 2143 viam.
652 2097 737 2155 At,
762 2097 914 2154 credo,
937 2113 1044 2143 mea
1064 2097 1265 2143 numina
1286 2096 1485 2145 tandem

188 2160 337 2209 Fessa
350 2161 528 2224 jacent,
552 2161 671 2208 odiis
694 2164 780 2208 aut
803 2164 1077 2208 exsaturata
1098 2161 1324 2223 quievi-—

188 2225 318 2285 Quin
340 2227 487 2274 etiam
507 2227 663 2290 patria
685 2243 903 2274 excussos
925 2227 1100 2274 infesta
1121 2243 1205 2289 per
1227 2226 1379 2273 undas

186 2292 324 2340 Ausa
344 2293 490 2355 sequi,
514 2295 564 2340 et
587 2292 799 2355 profugis
821 2295 929 2340 toto
953 2309 1029 2340 me
1052 2308 1286 2355 opponere
1308 2293 1458 2354 ponto
1474 2309 1491 2342 z
1676 2291 1777 2341 300

187 2357 439 2405 Absumtae
461 2358 513 2405 in
535 2357 741 2405 Teucros
763 2358 886 2405 vires
909 2358 1108 2420 coelique
1131 2357 1382 2420 marisque.

150 2474 151 2477 Ἰ
188 2422 319 2481 Quid
342 2423 521 2486 Syrtes,
546 2426 630 2470 aut
654 2423 811 2487 Scylla
832 2424 966 2481 mihi,
991 2424 1107 2486 quid
1126 2426 1266 2470 vasta
1288 2421 1554 2488 Charybdis

188 2487 421 2536 Profuit?
457 2491 623 2552 optato
646 2490 918 2536 conduntur
940 2489 1199 2552 Thybridis
1226 2489 1373 2546 alveo,

190 2553 354 2601 Securi
374 2554 531 2616 pelagi
553 2557 695 2617 atque
718 2555 826 2602 mei.
894 2555 1029 2602 Mais
1051 2555 1244 2618 perdere
1265 2557 1466 2618 gentem

190 2618 460 2666 Immanem
483 2619 745 2682 Lapithum
767 2620 948 2679 valuit3
985 2620 1254 2668 concessit
1242 2637 1293 2667 1n
1318 2620 1412 2667 iras
1676 2621 1775 2669 305

188 2683 276 2746 Ips
255 2700 304 2732 se
326 2684 469 2732 deum
490 2685 736 2747 antiquam
759 2687 949 2748 genitor
973 2685 1218 2749 Calydona
1239 2685 1442 2743 Dianae3

190 2700 331 2810 quod
353 2750 504 2800 scelus
527 2752 611 2799 aut
628 2749 860 2817 Lapithas
882 2754 1091 2814 tantum,
1109 2753 1193 2800 aut
1211 2750 1456 2816 Calydona
1472 2751 1734 2802 merentem
1750 2752 1775 2802 Ρ
