1988 3034
781 195 829 231 1².
852 189 1090 232 vmemss
1119 191 1358 231 MABOMS

343 313 450 362 Nec
472 313 692 361 Turnum
713 312 872 377 segnis
893 311 1071 362 retinet
1093 328 1227 361 mora
1250 334 1261 362 :
1291 312 1374 361 sed
1394 311 1520 377 rapit
1541 325 1648 361 acer

278 379 453 427 Totam
477 379 625 427 aciem
646 379 698 426 in
721 379 942 438 Teucr08‚
965 381 1016 427 et
1038 382 1205 427 contra
1225 379 1275 426 in
1297 379 1438 427 litore
1461 378 1607 427 sistit.
1764 435 1774 441 ..
1798 419 1801 422 .

278 444 426 509 Signa
448 448 640 493 canunt.
709 445 900 494 Primus
922 447 1107 493 turmas
1128 446 1305 493 invasit
1326 447 1538 509 agrestes
1763 437 1864 490 810

276 511 466 570 AEneas,
491 528 631 559 omen
652 527 841 575 pugnae,
865 511 1129 575 stravitque
1152 511 1367 570 Latinos,

278 576 445 624 Occiso
470 577 702 636 Therone,
725 578 883 625 virum
905 578 988 641 qui
1009 577 1244 625 maximus
1265 577 1396 625 ultro

277 642 482 690 AEneam
503 644 656 706 petit3
690 643 802 690 huic
825 643 983 706 gladio
1005 659 1180 706 perque
1202 658 1323 690 aerea
1343 644 1467 701 suta,

188 710 202 721 “
278 707 373 755 Per
394 708 610 756 tunicam
632 709 928 772 squalentem
951 725 1080 767 auro,
1102 709 1230 756 latus
1251 708 1414 756 haurit
1437 706 1669 771 apertum.

278 772 401 821 Inde
423 773 608 822 Lichan
630 774 755 834 ferit,
779 777 1021 823 exsectum
1038 774 1141 838 jam
1162 777 1316 822 matre
1338 775 1565 837 peremta,
1764 769 1862 818 315

278 838 348 886 Et
371 839 477 898 tibi,
501 839 697 899 Phoebe,
721 857 921 899 sacrum,
945 849 1080 888 casus
1104 840 1298 888 evadere
1319 840 1432 887 ferri

281 904 420 963 Quod
439 905 576 952 licuit
599 922 759 968 parvo.
827 906 881 954 N
881 922 933 954 ec
954 905 1111 969 longe,
1135 905 1296 954 Cissea
1317 906 1491 953 durum

279 969 641 1034 Immanemque
664 971 821 1034 Gyan,
843 974 1110 1019 sternentes
1133 972 1326 1035 agmina
1346 971 1492 1031 clava,

279 1034 468 1099 Dejecit
489 1037 588 1084 leto
608 1058 618 1085 :
653 1037 776 1084 nihil
796 1037 903 1085 illos
926 1037 1150 1085 Herculis
1174 1053 1318 1096 arma,
1811 1090 1815 1094 ,

281 1100 384 1149 Nec
407 1101 575 1149 validae
589 1102 755 1166 juvere
777 1119 961 1162 manus,
984 1103 1265 1166 genitorque
1288 1101 1576 1167 Melampus,
1766 1098 1866 1147 320

279 1166 462 1215 Alcidae
486 1184 657 1228 comes,
680 1185 830 1230 usque
851 1185 1019 1232 graves
1043 1185 1192 1232 quum
1212 1171 1342 1216 terra
1362 1169 1546 1216 labores

280 1230 510 1281 Praebuit.
578 1234 704 1282 Ecce
727 1234 901 1294 Pharo,
924 1251 1062 1282 voces
1085 1235 1201 1281 dum
1216 1234 1373 1298 jactat
1394 1234 1586 1293 inertes,

280 1296 572 1362 Intorquens
587 1300 800 1363 jaculum
824 1300 1051 1348 clamanti
1074 1300 1203 1348 sistit
1225 1301 1277 1348 in
1300 1317 1394 1348 ore.

280 1363 358 1411 Tu
380 1380 580 1428 quoque,
602 1366 858 1414 flaventem
880 1367 1034 1430 prima
1054 1366 1278 1430 lanugine
1299 1366 1448 1414 malas

279 1428 415 1477 Dum
437 1431 643 1493 sequeris
667 1430 884 1495 Clytium
904 1432 1082 1491 infelix,
1104 1449 1229 1480 nova
1249 1432 1436 1496 gaudia,
1461 1429 1646 1496 Cydon,
1766 1427 1866 1476 825

281 1495 534 1544 Dardanea
555 1499 735 1546 stratus
758 1498 939 1558 dextra,
962 1515 1152 1546 securus
1175 1515 1405 1558 amorum,

282 1561 377 1620 Qui
391 1563 626 1626 juvenum
647 1563 739 1611 tibi
762 1580 946 1627 semper
967 1566 1118 1623 erant,
1140 1565 1405 1612 miserande
1421 1563 1601 1628 jaceres
1620 1581 1633 1612 z

280 1626 351 1674 Ni
362 1629 563 1677 fratrum
576 1629 756 1691 stipata
777 1629 946 1678 cohors
967 1631 1091 1678 foret
1114 1630 1266 1690 obvia,
1293 1630 1470 1678 Phorci

285 1691 554 1756 Progenies,
578 1697 761 1758 septem
782 1712 996 1754 numero,
1019 1698 1306 1759 septenaque
1328 1696 1426 1744 tela

283 1756 557 1821 Conjiciunt
575 1780 586 1806 ι
621 1760 798 1822 partim
819 1761 955 1824 galea
976 1761 1217 1823 clipeoque
1238 1761 1475 1809 resultant
1769 1758 1868 1805 330

282 1822 457 1882 Irrita3
491 1824 682 1872 deflexit
703 1826 882 1888 partim
904 1826 1192 1889 stringentia
1214 1843 1382 1890 corpus

281 1889 425 1936 Alma
446 1889 622 1938 Venus.
691 1890 869 1938 Fidum
890 1891 1066 1939 AEneas
1089 1893 1263 1939 affatur
1284 1892 1506 1940 Achaten
1523 1910 1538 1940 ε

282 1957 310 1979 “
329 1955 541 2018 Suggere
563 1956 661 2004 tela
681 1956 966 2005 mihi—non
987 1957 1140 2005 ullum
1162 1958 1356 2006 dextera
1376 1959 1555 2006 frustra

282 2019 496 2068 Torserit
517 2021 569 2068 in
591 2021 1124 2081 Rutulos,-—steterunt
1147 2041 1251 2087 quae
1271 2025 1325 2071 in
1347 2039 1539 2087 corpore
1562 2018 1760 2071 Graium

283 2085 443 2134 Iliacis
467 2088 694 2150 campis.'’
765 2088 893 2136 Tum
914 2106 1141 2153 magnam
1164 2090 1360 2153 corripit
1381 2091 1587 2151 hastam,
1769 2087 1866 2135 335

282 2152 354 2199 Et
368 2152 516 2216 jacit:
552 2154 635 2202 illa
655 2153 819 2202 volans
842 2155 980 2218 clipei
1001 2157 1354 2204 transverberat
1376 2172 1472 2204 aera

283 2217 503 2277 Maeonis,
527 2221 576 2266 et
599 2220 797 2268 thoraca
818 2220 960 2268 simul
983 2238 1093 2269 cum
1114 2225 1305 2284 pectore
1326 2221 1524 2285 rumpit.

283 2283 416 2331 Huic
438 2284 585 2331 frater
607 2285 738 2333 subit
759 2285 981 2345 Alcanor,
1003 2287 1293 2349 fratremque
1315 2291 1536 2336 ruentem

284 2349 537 2397 Sustentat
560 2350 727 2398 dextra
745 2371 756 2398 ι
791 2351 994 2414 traiecto
1017 2352 1162 2400 missa
1182 2353 1360 2401 lacerto

284 2414 513 2463 Protinus
535 2416 677 2463 hasta
698 2415 840 2480 fugit,
865 2419 1114 2479 servatque
1138 2421 1334 2466 cruenta
1354 2420 1598 2476 tenorem3
1769 2417 1867 2464 340

284 2481 587 2545 Dexteraque
611 2499 668 2529 ex
690 2482 888 2530 humero
909 2484 1067 2530 nervis
1090 2483 1374 2531 moribunda
1393 2483 1634 2547 pependit.

285 2546 411 2593 Tum
434 2547 681 2607 Numitor,
697 2548 855 2612 jaculo
877 2548 1037 2596 fratris
1060 2549 1118 2597 de
1142 2566 1332 2613 corpore
1354 2552 1507 2613 rapto,

283 2611 470 2660 AEnean
492 2614 662 2676 petiit3
697 2614 780 2661 sed
800 2631 898 2662 non
920 2617 970 2662 et
992 2616 1137 2678 figere
1160 2618 1327 2663 contra

283 2677 378 2725 Est
400 2678 604 2738 licitum,
627 2680 883 2743 magnique
905 2680 1061 2728 femur
1085 2681 1365 2744 perstrinxit
1387 2679 1600 2728 Achatae.

282 2742 383 2790 Hic
407 2743 624 2804 Curibus,
646 2745 797 2793 fidens
819 2746 1046 2808 primaevo
1069 2763 1274 2810 corpore,
1298 2747 1497 2794 Clausus
1767 2745 1865 2795 345

281 2807 509 2868 Advenit,
533 2812 583 2857 et
604 2810 758 2874 rigida
779 2811 1027 2875 Dryopem
1055 2812 1166 2860 ferit
1189 2813 1372 2860 eminus
1395 2813 1536 2860 hasta

282 2871 383 2923 Sub
404 2876 638 2938 mentum,
661 2877 871 2940 graviter
891 2894 1065 2942 pressa,
1086 2878 1355 2943 pariterque
1376 2877 1614 2943 loquentis
