1988 3034
666 114 714 152 11.
734 113 973 158 vmfflml
995 113 1233 153 MAssoms

157 235 274 301 Ipsa
295 208 451 300 paiam
475 234 564 284 fari
587 233 889 298 omnipotens
913 234 1138 284 Saturnia
1151 234 1313 299 jussit.

157 303 315 362 Quare
337 319 438 367 age,
462 305 512 350 et
536 301 707 350 armari
730 301 904 364 pubem
926 302 1170 365 portisque
1193 300 1374 349 moveri

158 367 326 416 Laetus
347 369 399 416 in
422 385 552 416 arma
573 384 699 430 para,
723 369 773 415 et
797 367 1050 430 Phrygios,
1075 367 1157 429 qui
1178 367 1374 415 flumine
1396 363 1597 431 pulchro
1644 365 1744 415 430

158 433 436 493 Consedere,
460 435 600 481 duces
623 433 869 495 pictasque
892 449 1033 480 exure
1056 433 1252 480 carinas.

158 498 422 547 Coelestum
442 500 514 546 vis
538 515 714 562 magna
728 499 882 562 jubet.
952 498 1059 545 Rex
1081 498 1182 560 ipse
1206 498 1423 558 Latinus,

157 563 228 612 Ni
250 565 360 612 dare
382 564 658 628 conjugium
680 567 730 611 et
753 564 883 611 dicto
906 580 1067 627 parere
1089 565 1284 623 fatetur,

157 629 345 678 Sentiat
368 633 418 678 et
439 631 636 677 tandem
659 630 875 677 Turnum
899 630 1167 693 experiatur
1187 630 1239 677 in
1262 629 1455 677 armis.''

223 695 322 743 Hic
338 696 545 759 juvenis,
567 698 729 743 vatem
751 696 966 753 irridenS,
990 695 1056 743 sic
1079 712 1186 743 orsa
1206 696 1415 743 vicissim

159 760 253 809 Ore
274 764 447 810 refert:
484 766 510 787 “
532 761 715 809 Classes
738 762 950 809 invectas
975 761 1235 824 Thybridis
1258 762 1406 822 alveO,

157 827 288 886 Non,
311 831 369 875 ut
390 844 507 886 rere,
530 844 658 875 meas
683 828 853 890 effugit
876 823 1080 874 nuncius
1104 844 1253 875 aureS.

157 892 237 941 Ne
258 896 422 942 tantos
445 894 567 941 mihi
589 893 718 957 finge
741 896 927 941 metus:
962 909 1049 940 nec
1072 894 1203 956 regia
1225 892 1261 940 J
1264 909 1358 940 uno

159 957 422 1007 Immemor
444 962 517 1007 est
539 960 706 1007 nostri.

158 1024 253 1072 Sed
273 1029 325 1073 te
346 1026 477 1073 victa
498 1025 598 1072 situ
618 1025 812 1087 verique
835 1025 977 1073 effeta
999 1027 1231 1084 senectuS,

158 1089 201 1137 O
223 1094 391 1150 mater,
416 1092 540 1139 curis
563 1091 884 1154 nequidquam
907 1094 1106 1150 exercet,
1129 1094 1179 1139 et
1203 1106 1335 1138 arma

157 1155 349 1220 Regum
373 1157 500 1205 inter
522 1158 639 1205 falsa
664 1160 822 1204 vatem
844 1157 1096 1204 formidine
1118 1157 1260 1204 ludit.

158 1220 285 1270 Cura
306 1224 411 1282 tibi,
436 1224 600 1270 divum
623 1223 800 1287 effigies
823 1225 874 1270 et
896 1224 1077 1286 templa
1099 1223 1224 1270 tueri
1244 1243 1255 1281 ;

157 1287 294 1336 Bella
314 1289 405 1336 viri
426 1306 682 1353 pacemque
704 1291 886 1352 gerent,
915 1288 1069 1351 [queis
1091 1289 1214 1336 bella
1236 1285 1518 1353 ge1·enda.]”

223 1354 420 1403 Talibus
444 1354 633 1402 Allecto
657 1355 797 1402 dictis
821 1355 995 1401 exarsit
1018 1355 1069 1401 in
1091 1355 1198 1402 iras.

155 1420 228 1468 At
242 1420 410 1484 juveni
432 1421 589 1468 oranti
612 1421 799 1468 subitus
823 1423 1003 1468 tremor
1026 1423 1227 1483 occupat
1251 1421 1412 1480 artus3

156 1486 419 1550 Deriguere
443 1487 594 1535 oculi:
629 1489 708 1534 tot
732 1487 911 1549 Erinys
935 1487 1096 1533 sibilat
1119 1486 1301 1550 hydris,

157 1552 407 1615 Tantaque
431 1569 480 1600 se
503 1553 644 1600 facies
669 1553 834 1615 aperit.
905 1551 1032 1598 Tum
1055 1552 1275 1600 flammea
1295 1555 1524 1615 torquens
1607 1575 1612 1579 ·

158 1617 364 1666 Lumina
387 1621 695 1666 cunctantem
718 1621 768 1665 et
792 1620 1084 1680 quaerentem
1108 1618 1264 1665 dicere
1282 1618 1419 1681 plura
1488 1627 1491 1629 “

156 1683 371 1747 Repulit,
397 1687 446 1732 et
469 1685 684 1752 geminos
709 1684 859 1732 erexit
882 1684 1090 1730 crinibus
1114 1700 1308 1746 angues,

156 1749 457 1813 Verberaque
480 1751 708 1809 insonuit,
731 1750 988 1811 rabidoque
1010 1750 1114 1796 haec
1139 1750 1322 1797 addidit
1348 1764 1454 1796 ore:

156 1819 184 1840 “
201 1816 281 1863 En
304 1833 392 1880 ego
416 1816 545 1863 victa
567 1817 679 1874 situ,
704 1832 845 1878 quam
869 1816 969 1862 veri
993 1815 1135 1862 effeta
1157 1818 1375 1863 senectus

156 1882 307 1929 Arma
329 1883 456 1930 inter
478 1899 647 1945 regum
669 1882 788 1929 falsa
809 1881 1060 1928 formidine
1082 1881 1207 1928 ludit
1225 1901 1236 1938 ;

156 1947 358 2011 Respice
382 1949 442 1995 ad
463 1948 593 1995 haec:
630 1948 799 1995 adsum
822 1947 1032 1994 dirarum
1055 1948 1114 1994 ab
1138 1947 1247 1995 sede
1270 1961 1482 1995 sororum
1501 1966 1512 2005 3

156 2012 292 2060 Bella
314 2030 461 2062 manu
483 2014 728 2076 letumque
751 2013 914 2076 gero.’'

156 2079 234 2126 Sic
258 2080 402 2127 effata
423 2080 573 2127 fac-em
590 2080 758 2143 juveni
781 2079 996 2142 conjecit,
1021 2081 1070 2127 et
1094 2081 1199 2127 atro

156 2143 361 2192 Lumine
383 2145 622 2192 fumantes
645 2145 753 2191 fixit
776 2146 864 2191 sub
887 2148 1077 2207 pectore
1100 2146 1265 2192 taedas.

156 2209 254 2257 Olli
276 2227 497 2257 somnum
517 2211 687 2273 ingens
709 2210 891 2272 rumpit
909 2226 1068 2272 pavor,
1091 2224 1288 2272 ossaque
1311 2211 1361 2257 et
1383 2211 1514 2258 artus

155 2275 410 2323 Perfundit
432 2279 539 2323 toto
562 2278 819 2338 proruptus
842 2292 1034 2338 corpore
1058 2276 1214 2323 sudor.

154 2342 307 2389 Arma
329 2358 490 2390 amens
513 2342 703 2400 fremit3
738 2358 869 2388 arma
890 2344 997 2388 toro
1020 2341 1255 2402 tectisque
1277 2340 1490 2404 requirit.

156 2407 308 2455 Saevit
331 2424 463 2455 amor
485 2407 609 2466 ferri,
634 2412 684 2455 et
707 2407 934 2454 scelerata
954 2407 1138 2453 insania
1157 2407 1285 2464 belli,

155 2472 239 2520 Ira
260 2482 426 2536 super:
463 2490 637 2536 magno
659 2473 811 2520 veluti
833 2489 982 2535 quum
1002 2472 1196 2520 flamma
1217 2489 1383 2521 sonore

154 2538 332 2602 Virgea
354 2540 628 2603 suggeritur
651 2539 795 2587 costis
818 2538 1044 2585 undantis
1068 2539 1221 2597 aheni,

153 2603 511 2667 Exsultantque
534 2608 654 2652 aestu
674 2605 866 2663 latices;
900 2604 1018 2650 furit
1040 2604 1172 2652 intus
1195 2610 1335 2668 aquai

154 2670 389 2718 Fumidus
412 2674 556 2735 atque
578 2671 673 2718 alte
695 2670 874 2733 spumis
897 2670 1122 2717 exuberat
1145 2670 1326 2728 amnis3

154 2735 260 2784 Nec
275 2737 379 2801 jam
402 2753 452 2784 se
474 2737 600 2800 capit
620 2737 779 2794 unda;
811 2736 940 2783 volat
961 2752 1107 2799 vapor
1129 2739 1232 2783 ater
1255 2735 1315 2783 ad
1337 2751 1487 2784 auras·

154 2801 289 2867 Ergo
310 2803 404 2852 iter
426 2803 489 2852 ad
508 2818 671 2869 regem
693 2801 879 2868 polluta
900 2817 1014 2866 pace
1038 2800 1270 2850 Latinum

1645 1027 1745 1074 440

1646 1355 1743 1402 445

1645 1684 1746 1732 450

1644 2012 1744 2060 455

1649 2341 1747 2389 460

1648 2670 1747 2718 465
