1988 3034
690 135 929 173 mos
952 134 1058 173 m.
1081 134 1134 174 Χ.

110 253 404 322 Oppositum
424 252 678 315 interimit,
701 271 878 321 pugnae
898 254 1173 320 nodumque
1194 268 1486 319 moramque.

107 323 357 372 Sternitur
376 322 593 371 Arcadiae
613 322 767 386 proles
782 343 795 370 ε
829 324 1111 370 sternuntur
1132 321 1358 382 Etrusci3

111 386 185 438 Et
203 405 305 448 vos,
328 405 358 437 o
381 387 539 436 Graiis
559 388 817 452 imperdita
838 404 1047 450 corpora,
1070 386 1257 435 Teucri.

247 454 259 465 ”
297 470 326 502 a
346 457 638 503 concurrunt
660 454 951 517 ducibusque
974 456 1025 500 et
1046 453 1227 500 viribus
1250 451 1414 517 aequis.

113 519 337 568 Extremi
358 520 622 568 addensent
644 519 766 567 acies
786 538 800 568 r
830 535 919 567 nec
941 519 1085 566 turba
1106 518 1286 568 moveri

110 584 231 634 Tela
249 602 511 648 manusque
533 585 663 633 sinit.
732 584 866 632 Hinc
890 584 1048 632 Pallas
1069 585 1222 632 instat
1243 586 1294 632 et
1314 585 1482 649 urget,

112 649 248 700 Hine
268 660 437 700 contra
457 650 658 710 Lausus,
679 666 767 699 nec
788 649 998 698 multum
1020 649 1255 713 discrepat
1276 651 1408 710 aetas,

23 735 27 741 ·
114 716 313 781 Egregii
336 717 528 775 formae;
561 717 646 765 sed
666 716 798 780 queis
820 715 1015 763 fortuna
1034 716 1237 778 negarat

115 781 177 831 In
199 783 406 846 patriam
426 782 623 830 reditus.
691 781 830 843 Ipsos
853 796 1128 828 concurrere
1150 795 1316 842 passus

114 847 267 896 Haud
285 852 450 896 tamen
471 847 599 895 inter
620 862 671 894 se
693 845 857 909 magni
878 847 1104 908 regnator
1126 845 1353 909 Olympi:

115 913 238 962 Mox
258 913 366 962 illos
387 929 476 961 sua
494 912 597 960 fata
617 915 816 959 manent
838 911 1015 975 majore
1037 910 1126 958 sub
1148 910 1306 959 hoste.

181 978 375 1028 Interea
395 995 529 1026 soror
549 977 677 1026 alma
696 979 862 1025 monet
885 992 1153 1024 succurrere
1176 975 1336 1024 Lauso

114 1044 350 1104 Turnum,
372 1045 455 1107 qui
477 1043 658 1093 volucri
679 1059 822 1091 curru
842 1042 1055 1090 medium
1076 1044 1206 1090 secat
1228 1058 1416 1107 agmen.

115 1109 192 1159 ‘Ut
211 1110 336 1159 vidit
357 1113 535 1159 socios:
570 1113 599 1135 “
613 1109 824 1173 Tempus
847 1108 1072 1157 desistere
1093 1124 1298 1172 pugnae3

115 1176 259 1226 Solus
280 1193 371 1241 ego
390 1175 442 1224 in
466 1175 689 1223 Pallanta
708 1175 862 1234 feror3
895 1174 984 1222 soli
1004 1174 1126 1221 mihi
1149 1174 1309 1222 Pallas

116 1241 363 1301 Debetur3
396 1258 619 1306 cuperem
637 1241 740 1305 ipse
761 1257 930 1304 parens
953 1242 1223 1304 spectactor
1243 1238 1480 1288 adesset.”

115 1307 245 1357 Haec
267 1308 365 1367 ait;
398 1311 450 1356 et
471 1307 587 1355 socii
608 1309 851 1356 cesserunt
872 1323 1057 1369 aequore
1072 1306 1222 1370 jusso.

116 1375 187 1423 At
201 1373 443 1423 Rutulum
465 1374 698 1431 abscessu,
714 1372 905 1437 juvenis
926 1375 1035 1420 tum
1051 1372 1187 1436 jussa
1207 1371 1410 1435 superba

116 1439 330 1489 Miratus
351 1442 516 1503 stupet
537 1440 589 1487 in
610 1438 789 1498 Turno,
814 1454 1077 1502 corpusque
1098 1454 1183 1501 per
1203 1437 1373 1501 ingens

117 1504 329 1555 Lumina
347 1506 515 1563 volvit,
538 1505 734 1567 obitque
756 1504 880 1552 truci
900 1502 1068 1567 procul
1089 1503 1251 1552 omnia
1271 1503 1408 1565 visu3

118 1571 315 1621 Talibus
337 1574 389 1620 et
410 1571 551 1620 dictis
574 1571 616 1618 it
639 1573 807 1618 contra
828 1569 959 1617 dicta
978 1569 1204 1633 tyranni:

24 1634 35 1647 ⁹
117 1639 267 1687 “Aut
287 1637 449 1702 spoliis
472 1654 562 1700 ego
577 1636 680 1701 jam
701 1635 852 1699 raptis
874 1634 1103 1683 laudabor
1123 1634 1311 1698 opimis,

117 1705 224 1754 Aut
238 1703 337 1752 leto
352 1703 544 1766 insigni.
612 1701 742 1749 Sorti
763 1704 900 1765 pater
920 1717 1085 1764 aequus
1106 1700 1298 1764 utrique
1321 1701 1410 1747 est.

117 1769 254 1819 Tolle
275 1769 479 1817 minas.’'
550 1767 703 1815 Fatus
724 1767 936 1815 medium
956 1766 1172 1830 procedit
1192 1766 1245 1814 in
1266 1781 1444 1828 aequor.

119 1835 347 1900 Frigidus
368 1834 633 1883 Arcadibus
655 1833 753 1882 coit
775 1833 826 1881 in
847 1832 1104 1897 praecordia
1126 1832 1336 1896 sanguis.

25 1896 28 1941 ἓ
119 1900 331 1951 Desiluit
352 1900 545 1949 Turnus
566 1899 771 1964 bijugis:
804 1898 945 1962 pedes
968 1900 1167 1962 apparat
1189 1898 1258 1946 ire

25 1989 34 2033 ς
120 1966 365 2016 Cominus.
433 1966 599 2029 thue
620 1966 709 2023 leo,
732 1964 923 2028 specula.
944 1980 1093 2027 quum
1116 1963 1240 2011 vidit
1262 1961 1323 2011 ab
1345 1960 1446 2010 alta

24 2058 28 2073 ·
121 2032 261 2083 Stare
282 2030 448 2097 procul
470 2031 648 2094 eampis
669 2030 986 2078 meditantem
1007 2029 1061 2076 in
1081 2029 1250 2092 proelia
1269 2030 1480 2087 taurum,

121 2098 362 2157 Advolat3
394 2097 525 2145 haud
546 2096 639 2144 alia
658 2098 734 2144 est
755 2095 908 2143 Turni
930 2094 1165 2142 venientis
1188 2094 1364 2158 imago.

27 2176 39 2187 ·
122 2164 274 2213 Hunc
296 2163 378 2212 ubi
401 2163 686 2227 contiguum
708 2161 868 2208 missae
890 2160 990 2209 sore
1012 2160 1214 2208 credidit
1236 2159 1405 2219 hastae,

24 2233 37 2285 ,ζ
124 2229 206 2279 Ire
260 2229 357 2278 rior
380 2228 553 2286 Pallas,
576 2228 617 2275 si
639 2243 735 2291 qua
755 2228 851 2275 fors
874 2226 1069 2291 adjuvet
1091 2242 1261 2274 ausum

28 2293 34 2299 ’
123 2246 318 2344 Viribus
340 2293 613 2358 imparibus,
635 2308 958 2356 magnumque
978 2292 1051 2340 ita
1072 2292 1133 2339 ad
1154 2292 1336 2340 aethera.
1356 2290 1514 2338 faturt

126 2363 156 2389 ‘⁴
170 2360 269 2411 Per
287 2361 438 2425 patris
460 2358 740 2423 hospitium,
763 2361 814 2407 et
836 2374 1022 2406 mensas
1046 2374 1162 2421 quas
1185 2357 1368 2406 advena
1389 2354 1547 2415 adisti,

125 2425 197 2476 Te
217 2442 396 2492 precor,
418 2425 600 2484 Alcide,
617 2424 787 2488 coeptis
809 2423 1087 2487 ingentibus
1109 2423 1251 2471 adsis.

127 2491 306 2542 een-nat
327 2491 550 2541 semineci
572 2490 663 2539 sibi
686 2506 763 2538 me
784 2505 947 2553 rapere
969 2505 1101 2537 arma
1122 2489 1335 2547 cruenta,

126 2556 466 2622 victoremque
488 2557 644 2606 ferant
666 2555 921 2604 morientia
941 2554 1123 2603 lumina
1144 2552 1348 2602 Turni.''

129 2623 302 2674 Audiit
324 2622 773 2685 Alcidesjuvenem,
796 2636 1119 2685 magnumque
1141 2620 1230 2667 sub
1253 2619 1351 2667 imo

130 2688 284 2740 Corde
337 2688 480 2738 remit
499 2688 751 2754 genitum,
772 2686 1081 2750 lacrimasque
1102 2685 1273 2733 effudit
1293 2685 1470 2733 inanes.

12 2773 41 2811 st
130 2754 258 2805 Tum
329 2754 486 2804 enitor
507 2757 677 2803 natum
700 2752 842 2801 dictis
864 2752 1039 2800 affatur
1061 2750 1252 2800 amiciet

32 2835 43 2855 ³
132 2823 162 2849 ⁸⁸
178 2819 291 2871 Stat
311 2836 399 2870 sua
419 2819 590 2886 cuique
610 2819 739 2880 dien
771 2818 915 2868 breve
937 2821 987 2868 et
1008 2814 1307 2883 irreparabile
1327 2818 1520 2880 tempu·

1600 386 1701 435 430

1598 713 1699 762 435

1606 1371 1706 1418 445

1609 1698 1711 1746 460

1612 2026 1712 2075 455

1613 2353 1717 2403 460

1617 2682 1718 2732 465
