1988 3034
673 184 915 226 mofl
934 185 1041 224 m.
1062 187 1139 225 11.

111 310 230 363 Non
249 309 395 360 armis
415 307 538 358 mihi
558 306 776 367 Vulcani,
798 324 897 358 non
917 307 1050 357 mille
1071 304 1243 356 carinis

109 377 208 426 Est
229 393 348 442 opus
369 376 421 424 in
443 374 667 423 Teucros.
734 373 934 422 Addant
956 391 1006 422 se
1028 377 1258 437 protenus
1280 386 1446 422 omnes

109 443 310 492 Etrusci
331 441 497 490 socios.
564 439 805 488 Tenebras
827 443 879 488 et
900 441 1074 488 inertia
1094 440 1227 488 furta
1605 439 1705 487 150

114 508 357 574 [Palladii,
379 506 514 556 casis
536 521 738 554 summae
761 506 1039 554 custodibus
1061 504 1220 569 arcis,]

111 574 193 624 Ne
213 575 448 632 timeant-,3
479 589 569 620 nec
591 572 701 636 equi
723 588 845 620 caeca
866 573 1125 620 condemur
1144 573 1196 620 in
1219 571 1355 630 alvo;

112 640 244 689 Luce
265 640 422 703 palam
443 641 628 687 certum
650 641 725 686 est
747 638 849 702 igni
871 638 1163 687 circumdare
1184 654 1362 686 muros.

113 706 265 755 Haud
286 705 378 754 sibi
399 721 510 753 eum
533 704 714 751 Danais
736 720 838 752 rem
861 705 970 752 saxo
991 708 1043 752 et
1064 704 1190 767 pube
1214 703 1416 767 Pelasga

111 771 236 820 Esse
256 774 447 835 putent,
469 770 708 817 decimum
730 786 849 832 quos
872 769 1063 816 distulit
1087 769 1275 816 Hector
1295 770 1349 816 in
1370 784 1562 816 annum.
1607 769 1703 816 155

112 836 261 885 Nunc
282 837 415 894 adeo,
435 834 605 883 melior
626 834 850 897 quoniam
872 851 981 898 pars
1003 836 1110 882 acta
1133 833 1241 892 diei,

114 902 256 962 Quod
276 903 504 966 superest,
525 900 628 948 laeti
650 900 769 948 bene
790 900 940 964 gestis
962 915 1159 963 corpora
1179 899 1321 949 rebus

113 967 391 1026 Procurate,
411 966 519 1025 viri,
541 969 593 1014 et
613 981 827 1029 pugnam
848 968 1035 1029 sperate
1055 965 1261 1029 parati.’‘

114 1033 311 1083 Interea
330 1033 532 1097 vigilum
554 1031 764 1080 excubiis
786 1032 1000 1080 obsidere
1021 1034 1186 1096 portas

113 1098 243 1148 Cura
262 1099 407 1147 datur
429 1098 669 1161 Messapo,
692 1101 743 1145 et
766 1098 941 1145 moenia
961 1097 1151 1161 cingere
1172 1096 1394 1147 flammis.
1607 1097 1708 1145 160

113 1159 423 1229 Bis'septem‚
445 1163 634 1212 Rutulo
656 1180 818 1212 muros
841 1164 924 1228 qui
946 1164 1101 1211 milite
1123 1166 1329 1222 servent,

113 1230 334 1290 Delecti3
366 1233 444 1279 ast
463 1229 571 1278 illos
593 1229 783 1278 centeni
805 1246 1041 1293 quemque
1063 1231 1331 1293 sequuntur

248 1296 352 1345 urei
371 1295 530 1345 cristis
543 1294 746 1359 juvenes
768 1311 976 1359 auroque
998 1295 1206 1344 corusci.-

114 1362 421 1420 Discurrunt,
441 1361 723 1425 variantque
743 1361 886 1420 vices,
908 1361 1094 1424 fusique
1115 1378 1201 1425 per
1220 1361 1420 1411 herbam

113 1427 383 1492 Indulgent
402 1427 531 1486 vino,
553 1429 605 1475 et
626 1429 827 1475 vertunt
848 1430 1055 1475 crateras
1077 1427 1268 1476 ahenos.
1610 1425 1706 1474 165

114 1493 366 1543 Collucent
386 1493 551 1558 ignes:
584 1494 778 1541 noctem
800 1492 1020 1541 custodia
1041 1493 1177 1541 ducit

115 1558 398 1609 Insomnem
418 1559 547 1607 ludo.

180 1625 305 1675 Haec
326 1642 468 1690 super
488 1641 515 1674 e
536 1623 662 1673 vallo
683 1626 994 1689 prospectant
1015 1624 1180 1684 Troe's,
1204 1626 1255 1673 et
1277 1622 1423 1674 armis

113 1690 236 1740 Alta
254 1693 455 1751 tenent3
486 1707 574 1739 nec
596 1706 695 1739 non
715 1691 892 1755 trepidi
913 1690 1166 1739 formidine
1187 1693 1353 1755 portas

226 1757 400 1816 lerant,
421 1759 686 1821 pontesque
708 1759 760 1805 et
780 1756 1138 1821 propugnacula
1151 1756 1397 1821 jungunt3
1611 1753 1711 1804 170

114 1822 160 1872 '1'
204 1839 235 1872 a
253 1825 444 1887 gerunt.
513 1821 712 1871 Instant
735 1822 1023 1871 Mnestheus
1046 1839 1245 1886 acerque
1267 1823 1516 1872 Serestus:

115 1889 248 1949 Quos
269 1891 406 1953 pater
426 1888 618 1948 AEneas,
640 1888 681 1936 si
702 1888 892 1952 quando
913 1889 1112 1938 adversa
1130 1891 1372 1948 vocarent,

115 1953 348 2004 Bectores
361 1954 596 2019 juvenum
618 1957 670 2002 et
692 1970 852 2003 rerum
874 1954 1008 2003 dedit
1030 1971 1132 2003 esse
1154 1955 1428 2019 magistros.

117 2019 289 2068 Omnis
309 2035 395 2084 per
416 2036 578 2068 muros
600 2019 726 2084 legio
749 2021 923 2068 sortita
943 2020 1174 2083 periclum

119 2084 360 2143 Excubat,
382 2089 659 2147 exercetque
682 2085 823 2144 vices,
846 2085 975 2149 quod
997 2086 1167 2150 cuique
1188 2086 1424 2135 tuendum
1447 2086 1536 2134 est.
1612 2082 1710 2134 175

186 2150 337 2199 Nisus
358 2154 463 2199 erat
484 2154 636 2214 portoe
659 2154 835 2209 custos,
858 2151 1113 2199 acerrimus
1136 2153 1295 2208 armis,

118 2214 443 2281 Hyrtacide03
476 2217 701 2264 comitem
725 2216 887 2265 AEneae
911 2234 1052 2281 quem
1077 2218 1271 2266 miserat
1295 2217 1386 2266 Ida

120 2281 369 2342 Venatrix,
385 2281 545 2347 jaculo
569 2281 766 2331 celerem
791 2281 1066 2347 levibusque
1089 2284 1311 2347 sagittis:

120 2346 194 2397 Et
207 2347 352 2412 juxta
373 2363 529 2396 eomes
552 2347 809 2412 Euryalus,
833 2365 926 2412 quo
949 2349 1192 2414 pulchrior
1214 2350 1337 2398 alter

120 2411 238 2464 Nou
262 2413 356 2461 suit
378 2412 661 2472 AEneadum,
685 2413 892 2490 Trojana
915 2431 1066 2479 neque
1089 2415 1249 2463 induit
1273 2429 1433 2475 arma3
1612 2413 1712 2462 180

122 2477 221 2528 Ora
242 2495 360 2543 puer
379 2478 535 2543 prima
557 2479 751 2542 signans
774 2484 966 2528 mtonsa
980 2482 1199 2544 juventa.

121 2543 222 2593 His
244 2560 377 2593 amor
398 2561 522 2593 unus
544 2548 662 2603 erat,
685 2545 956 2610 pariterque
978 2546 1028 2594 in
1051 2547 1177 2595 bella
1198 2546 1430 2603 ruebant3

123 2608 252 2659 Tum
276 2626 463 2675 quoque
486 2611 728 2658 communi
751 2614 939 2674 portam
963 2612 1171 2660 statione
1193 2612 1438 2660 tenebant.

123 2674 277 2724 Nisus
299 2675 397 2725 ait:
431 2679 459 2701 ‘⁶
475 2675 602 2724 Dine
626 2675 753 2724 bunc
776 2677 990 2725 ardorem
1015 2678 1256 2726 mentibus
1279 2678 1477 2738 addunt,

124 2739 376 2805 Euryale?
410 2757 472 2790 an
494 2758 580 2790 sua
601 2742 770 2806 cuique
792 2742 908 2790 deus
933 2744 990 2790 fit
1012 2743 1114 2791 dira
1136 2744 1306 2808 cupido
1323 2742 1348 2793 Ρ
1615 2745 1711 2793 185

125 2806 233 2855 Aut
256 2822 480 2871 pugnam,
502 2812 588 2856 aut
610 2808 788 2871 aliquid
804 2808 1087 2871 jamdudum
1111 2809 1333 2859 invadere
1354 2825 1586 2874 magnum

127 2870 273 2924 Mem
295 2872 452 2941 agitat
474 2873 623 2935 mihi5
655 2891 742 2925 nec
763 2874 948 2941 placida
969 2879 1199 2928 contenta
1219 2878 1379 2943 quiete
1400 2881 1490 2929 est.
