1988 3034
792 218 836 250 Ρ.
862 214 1099 249 VIRGILH
1123 213 1362 249 MARONIS

285 335 366 385 Ad
385 336 565 383 terram
585 349 683 381 non
705 333 876 396 sponte
896 331 1064 381 fluens.
1131 332 1259 381 Tum
1279 331 1454 396 frigida
1474 333 1583 382 toto

286 400 532 449 Paulatim
554 398 756 448 exsolvit
780 415 830 447 se
853 415 1060 462 corpore,
1082 398 1304 462 lentaque
1328 399 1448 447 colla

285 466 358 514 Et
381 469 576 530 captum
596 466 695 514 leto
717 465 879 529 posuit
903 467 1061 528 caput,
1085 482 1216 513 arma
1236 465 1503 527 relinquens
1521 485 1533 524 3
1770 464 1872 514 830

285 532 494 596 Vitaque
517 548 627 580 cum
649 531 837 595 gemitu
857 531 985 594 fugit
1007 531 1258 595 indignata
1279 532 1368 579 sub
1391 532 1598 579 umbras.

286 597 413 646 Tum
436 615 546 646 vero
568 598 828 646 immensus
851 614 1049 661 surgens
1072 598 1184 645 ferit
1207 614 1348 645 aurea
1369 597 1547 645 clamor

287 664 477 724 Sidera3
512 664 695 728 dejecta
717 664 952 711 crudescit
974 680 1138 727 pugna
1160 663 1386 722 Camilla3

287 729 552 778 Incurrunt
575 729 709 778 densi
731 729 875 777 simul
897 730 1051 777 omnis
1077 729 1211 793 copia
1233 729 1485 789 Teucrum,

286 795 617 860 Tyrrhenique
640 797 797 855 duceS,
822 795 1128 859 Evandrique
1150 796 1358 844 Arcades
1382 796 1484 843 alae.
1774 789 1866 846 835

353 863 425 910 At
448 862 625 910 Triviae
650 865 810 910 custos
826 862 1112 925 jamdudum
1133 862 1184 909 in
1207 862 1452 910 montibus
1477 861 1594 925 Opis

287 927 407 975 Alta
428 928 561 976 sedet
584 928 1086 993 summis,spectatque
1096 928 1318 975 interrita
1339 944 1540 991 pugnas.

288 993 454 1056 thue
477 994 643 1057 procul
664 993 820 1041 medio
837 995 1070 1057 juvenum
1092 993 1143 1040 in
1167 994 1373 1041 clamore
1394 994 1642 1042 furentum

287 1058 541 1123 Prospexit
562 1060 696 1107 tristi
717 1059 973 1106 multatam
995 1062 1151 1107 morte
1175 1059 1441 1119 Camillam,

288 1123 629 1189 Ingemuitque
652 1125 876 1189 deditque
898 1125 985 1172 has
1006 1125 1104 1173 imo
1126 1128 1318 1189 pectore
1339 1142 1504 1174 voces:
1777 1124 1877 1172 840

290 1191 449 1239 “Heu
470 1191 687 1251 nimium,
710 1191 861 1255 virgo,
885 1190 1089 1238 nimium
1111 1191 1298 1239 crudele
1318 1192 1454 1239 luisti

289 1256 601 1320 Supplicium,
623 1257 827 1305 Teucros
851 1259 1022 1304 conata
1042 1257 1267 1305 lacessere
1289 1257 1440 1305 bello!

288 1321 394 1370 Nec
417 1323 510 1370 tibi
532 1323 732 1371 desertae
754 1322 805 1370 in
828 1323 985 1370 dumis
1008 1323 1206 1371 coluisse
1229 1323 1439 1371 Dianam

290 1386 495 1449 Profuit,
519 1391 604 1436 aut
626 1391 814 1436 nostras
835 1388 1035 1437 humero
1058 1389 1258 1453 gessisse
1279 1390 1543 1453 pharetras.

289 1452 406 1503 Non
428 1457 594 1503 tamen
614 1455 885 1504 indecorem
905 1457 994 1503 tua
1013 1458 1065 1503 te
1087 1456 1253 1520 regina
1274 1455 1468 1518 reliquit
1775 1455 1878 1503 845

290 1519 526 1569 Extrema
539 1521 643 1585 jam
664 1521 717 1569 in
739 1524 923 1581 morte;
956 1538 1110 1586 neque
1131 1522 1224 1570 hoc
1247 1522 1348 1570 sine
1370 1521 1564 1571 nomine
1587 1519 1742 1570 letum

291 1584 386 1634 Per
408 1589 577 1651 gentes
601 1587 707 1648 erit,
731 1590 816 1635 aut
838 1588 1016 1636 famam
1037 1588 1232 1651 patieris
1254 1587 1437 1636 inultae.

291 1650 424 1699 Nam
448 1653 732 1717 quicumque
755 1656 899 1701 tuum
920 1654 1119 1702 violavit
1141 1654 1335 1703 vulnere
1358 1670 1544 1718 corpus,

291 1716 456 1767 Morte
478 1719 580 1767 luet
601 1720 822 1768 merita.”
894 1719 1012 1768 Fuit
1034 1720 1203 1784 ingens
1226 1723 1391 1769 monte
1413 1721 1502 1770 sub
1525 1719 1625 1769 alto

291 1780 442 1846 Regis
465 1784 705 1833 Dercenni
726 1788 916 1834 terreno
940 1802 998 1833 ex
1020 1803 1193 1849 aggere
1215 1787 1414 1834 bustum
1781 1786 1880 1833 850

291 1850 499 1912 Antiqui
521 1849 790 1911 Laurentis,
815 1867 1051 1914 opacaque
1073 1852 1178 1900 ilice
1201 1854 1414 1910 tectum3

292 1913 391 1962 Hic
414 1916 502 1963 dea
524 1932 573 1964 se
595 1916 804 1979 primum
826 1917 990 1980 rapido
1012 1917 1332 1980 pulcherrima
1352 1917 1461 1965 nisu

292 1979 526 2040 Sistit,'et
548 1983 813 2031 Arruntem
834 1983 1023 2031 tumulo
1047 1983 1317 2047 speculatur
1338 1984 1398 2031 ab
1421 1984 1537 2031 alto.

292 2045 366 2093 Ut
387 2047 511 2095 vidit
533 2048 799 2111 fulgentem
821 2048 979 2109 armis,
1003 2066 1056 2096 ac
1078 2065 1202 2097 vana
1223 2052 1510 2107 tumentem,

292 2114 321 2137 “
338 2111 482 2172 Our‚’'
507 2113 680 2177 inquit,
704 2118 731 2140 “
747 2115 960 2163 diversus
983 2115 1083 2163 abis
1098 2114 1123 2164 Ρ
1157 2116 1252 2164 huc
1275 2116 1427 2179 dirige
1448 2129 1663 2180 gressum
1682 2132 1694 2172 ;
1784 2114 1881 2162 855

293 2176 409 2226 Huc
431 2180 639 2242 periture
660 2181 797 2229 veni:
834 2182 988 2245 capias
1011 2184 1068 2229 ut
1092 2181 1239 2245 digna
1261 2181 1470 2229 Camillae

293 2242 511 2292 Praemia.
580 2246 718 2294 Tune
741 2247 887 2294 etiam
909 2248 1019 2296 telis
1042 2249 1243 2296 moriere
1266 2247 1438 2296 Dianae
1456 2246 1514 2296 ?”

293 2308 448 2370 Dixit,
473 2313 522 2358 et
546 2314 713 2359 aurata
734 2313 974 2361 volucrem
997 2313 1221 2362 Threissa
1242 2315 1473 2378 sagittam

292 2374 572 2439 Depromsit
594 2377 831 2440 pharetra,
855 2395 1094 2440 cornuque
1115 2379 1299 2427 infensa
1320 2379 1546 2438 tetendit,

293 2439 365 2489 Et
389 2442 526 2490 duxit
548 2442 704 2506 longe,
727 2444 875 2492 donec
900 2447 1097 2492 curvata
1119 2447 1304 2492 coirent
1779 2444 1882 2492 860

294 2506 433 2556 Inter
456 2525 505 2556 se
528 2509 698 2572 capita,
721 2512 772 2558 et
793 2510 1012 2558 manibus
1027 2511 1131 2574 jam
1152 2512 1374 2574 tangeret
1396 2510 1561 2574 aequis,

294 2571 441 2621 Laeva
462 2574 610 2623 aciem
632 2575 758 2635 ferri,
781 2576 948 2624 dextra
968 2592 1206 2640 nervoque
1229 2576 1469 2640 papillam.

294 2639 554 2704 Extemplo
575 2641 663 2689 teli
684 2642 934 2691 stridorem
959 2659 1187 2707 aurasque
1209 2644 1431 2691 sonantes

295 2706 467 2754 Audiit
488 2723 585 2755 una
606 2708 807 2770 Arruns,
829 2709 1065 2772 haesitque
1086 2709 1140 2756 in
1162 2725 1354 2773 corpore
1374 2708 1567 2757 sermm.

295 2769 445 2819 Illum
467 2774 786 2837 exspirantem
807 2776 923 2824 socii
943 2778 1089 2839 atque
1113 2777 1325 2824 extrema
1345 2782 1614 2839 gementem
1782 2774 1879 2823 865

297 2835 450 2885 Obliti
470 2839 640 2902 ignoto
662 2857 937 2906 camporum
957 2841 1010 2889 in
1030 2841 1223 2906 pulvere
1243 2840 1469 2903 linquunt
1485 2860 1498 2901 ;

299 2899 415 2967 Opis
439 2904 500 2952 ad
520 2906 774 2957 etherium
795 2908 964 2973 pennis
986 2908 1202 2958 aufertur
1221 2906 1499 2973 Olympum.
