1988 3034
725 151 960 190 munos
983 151 1089 189 un.
1110 150 1163 188 X.

46 303 50 306 -
143 265 558 334 Partheniumque
578 267 719 335 Rapo
741 272 793 320 et
814 269 1091 335 praedurum
1111 270 1294 320 viribus
1317 268 1506 320 Orsen:

144 334 399 400 Messapus
421 335 739 400 Cloniumque
761 335 1153 401 Lycaoniumque
1175 337 1434 398 Ericeten3

144 400 295 450 Illum
315 402 513 451 infrenis
535 402 646 466 equi
667 402 805 467 lapsu
826 403 998 451 tellure
1014 403 1272 467 jacentem,

142 465 295 516 Hunc
316 468 525 532 peditem
548 468 707 532 pedes.
775 469 847 518 Et
870 469 1051 532 Lycius
1074 469 1366 533 processerat
1388 466 1528 534 Agis,

143 532 299 593 Quem
319 537 483 582 tamen
507 534 637 583 haud
657 550 823 599 expers
847 535 1047 584 Valerus
1071 535 1266 585 virtutis
1290 535 1433 584 avitae

142 597 352 663 Dejicit3
386 603 439 648 at
460 600 729 649 Thronium
752 601 922 660 Salius,
946 602 1220 664 Saliumque
1243 600 1460 664 Nealces,

143 663 356 729 Insignis
372 666 535 730 jaculo
558 670 610 715 et
631 666 774 731 longe
796 667 991 717 fallente
1013 668 1209 732 sagitta.

207 730 245 779 J
246 748 326 779 am
346 733 506 796 gravis
527 733 751 796 aequabat
776 733 936 782 luctus
959 737 1011 782 et
1032 737 1205 782 mutua
1226 733 1425 782 Mavors

144 795 338 846 Funera
356 818 367 856 ;
402 798 648 846 cedebant
670 799 849 862 pariter
870 799 1140 862 pariterque
1162 799 1369 847 ruebant

141 861 363 912 Victores
384 864 622 926 uictique3
655 881 808 927 neque
831 865 908 912 his
930 865 1047 928 fuga
1068 867 1199 923 nota,
1222 880 1376 929 neque
1398 862 1507 914 illis.

140 928 211 978 Di
231 929 269 977 J
269 930 372 978 ovis
393 930 444 978 in
466 930 610 978 tectis
632 930 752 978 iram
775 930 1064 978 miserantur
1084 931 1276 979 inanem

139 995 424 1055 Amborum,
447 998 498 1044 et
519 998 685 1045 tantos
707 996 991 1045 mortalibus
1014 1013 1115 1044 esse
1137 997 1352 1055 labores3

140 1060 275 1110 Hinc
296 1061 476 1120 Venus,
498 1062 612 1110 hinc
634 1066 804 1111 contra
825 1066 1010 1126 spectat
1034 1063 1262 1111 Saturnia
1283 1062 1320 1111 J
1321 1079 1434 1112 uno.

140 1125 328 1176 Pallida
348 1128 609 1192 Tisiphone
630 1128 789 1178 media
809 1129 938 1177 inter
960 1129 1111 1178 millia
1131 1128 1288 1178 saevit.

137 1193 213 1242 At
232 1209 345 1243 vero
366 1194 614 1270 ingentem
638 1195 858 1258 quatiens
882 1195 1150 1244 Mezentius
1172 1194 1365 1245 hastam

38 1242 75 1299 ἰ
137 1257 382 1309 Turbidus
403 1260 673 1326 ingreditur
694 1278 876 1325 campo.
947 1261 1103 1321 Quam
1126 1278 1332 1325 magnus
1357 1261 1523 1324 Orion,

138 1325 301 1386 Quum
322 1326 465 1391 pedes
487 1326 668 1376 incedit
690 1327 836 1376 medii
858 1344 942 1391 per
963 1328 1174 1376 maxima
1195 1327 1347 1378 Nerei

342 1393 471 1441 viam
494 1393 727 1453 scindens,
749 1394 951 1443 humero
974 1393 1299 1458 supereminet
1320 1392 1502 1454 undas;

134 1458 257 1517 Aut,
279 1459 479 1507 summis
501 1459 707 1509 referens
730 1476 960 1508 annosam
982 1460 1231 1508 montibus
1255 1475 1446 1520 ornum,

137 1523 200 1573 In
323 1525 512 1588 ‘turque
534 1525 635 1574 solo
657 1528 709 1575 et
731 1529 876 1590 caput
898 1526 1026 1575 inter
1047 1525 1216 1575 nubila
1237 1526 1403 1575 condit
1423 1546 1435 1575 ε

134 1589 182 1639 Τ
228 1590 268 1640 is
290 1607 342 1640 se
362 1592 513 1640 vastis
534 1591 681 1640 infert
703 1592 969 1641 Mezentius
992 1591 1152 1641 armis.

136 1654 271 1706 Huic
293 1660 462 1706 contra
482 1657 674 1716 AEneas,
697 1659 967 1721 speculatus
989 1658 1041 1707 in
1062 1655 1255 1723 agmine
1276 1657 1438 1726 longo,

136 1721 321 1772 Obvius
341 1723 411 1772 ire
431 1727 587 1787 parat.
654 1723 827 1773 Manet
849 1725 1202 1788 imperterritus
1224 1723 1322 1783 ille,

135 1785 348 1839 Hostem
369 1790 730 1855 magnanimum
753 1791 1016 1855 opperiens,
1039 1793 1091 1840 et
1114 1791 1239 1840 mole
1262 1807 1350 1839 sua
1372 1790 1471 1839 stat
1491 1810 1502 1847 ς

135 1855 301 1920 Atque
321 1855 470 1905 oculis
491 1856 702 1920 spatium
725 1873 959 1916 emensus,
983 1860 1219 1921 quantum
1242 1856 1360 1905 satis
1382 1857 1565 1907 hastan

136 1923 167 1947 ‘⁴
183 1919 383 1981 Dextra,
404 1922 527 1971 mihi
549 1922 679 1982 deus,
701 1926 753 1971 et
774 1923 943 1983 telum,
966 1924 1096 1988 quod
1117 1923 1296 1972 missile
1317 1923 1456 1985 libro,

47 2012 55 2029 ι
134 1984 283 2038 Nunc
303 1987 494 2046 adsint3
526 2005 676 2038 voveo
697 1988 933 2052 praedonis
955 2006 1150 2053 corpore
1171 1989 1323 2052 raptis

0 2786 4 2851 f
42 2789 51 2851 4

0 2910 6 3034 Γ

135 2050 376 2103 Indutum
398 2071 421 2102 s
484 2054 560 2102 liis
583 2054 741 2119 ipsum
763 2058 830 2113 te,
855 2055 1025 2114 Lause,
1047 2058 1287 2119 tropaeum

135 2117 352 2168 AEneae.”
474 2120 592 2179 ixit;
626 2119 1004 2185 stridentemque
1025 2121 1213 2170 eminus
1234 2120 1427 2169 hastam

135 2183 335 2250 Injicit3
368 2185 451 2235 illa
473 2185 637 2235 volans
661 2185 811 2250 clipeo
833 2189 908 2235 est
930 2202 1139 2246 excussa,
1162 2185 1422 2251 proculque

134 2249 404 2316 Egregium
429 2252 648 2301 Antoren
670 2251 798 2301 latus
819 2252 948 2302 inter
969 2256 1021 2301 et
1042 2253 1125 2302 ilia
1146 2252 1284 2318 figit:

134 2314 363 2367 Herculis
385 2319 607 2367 Antoren
630 2318 871 2378 comitem,
896 2318 980 2384 qui
1001 2320 1175 2368 missus
1199 2319 1261 2368 ab
1283 2317 1431 2382 Argis

134 2379 362 2434 Ποσει-αὑ
383 2383 625 2444 Evandro,
647 2387 793 2449 atque
816 2384 946 2434 Itala
967 2386 1245 2435 consederat
1268 2385 1400 2435 urbe.

134 2447 380 2499 Sternitur
400 2449 565 2499 infelix
587 2450 740 2499 alieno
762 2451 972 2510 vulnere,
995 2451 1263 2515 coelumque

135 2514 339 2580 Aspicit,
361 2519 412 2565 et
434 2515 596 2565 dulces
618 2517 825 2565 moriens
847 2517 1170 2566 reminiscitur
1192 2518 1367 2580 Argos.

35 2614 40 2621 ·
135 2579 264 2631 Tum
285 2581 392 2647 pius
415 2581 591 2631 AEneas
614 2582 803 2631 hastam
821 2582 973 2646 jacit:
1007 2582 1093 2632 illa
1111 2599 1196 2647 per
1218 2583 1383 2632 orbem

135 2645 253 2696 Ere
273 2662 445 2697 cavum
465 2648 659 2713 triplici,
682 2665 766 2713 per
788 2649 913 2697 linea
932 2650 1087 2713 terga,
1108 2648 1358 2711 tribusque

135 2710 351 2763 Transiit
371 2714 614 2764 intextum
635 2715 787 2764 tauris
811 2731 944 2778 opus,
967 2714 1156 2779 imaque
1178 2714 1305 2763 sedit

136 2775 375 2843 Ingnium
407 2779 491 2829 sed
512 2780 636 2830 vires
658 2780 788 2830 haud
810 2779 1027 2844 pertulit.
1098 2779 1244 2831 Ocius
1266 2794 1430 2833 ensem

138 2842 328 2911 Encas,
349 2845 453 2901 viso
474 2845 713 2914 Tyrrheni
735 2846 966 2915 sanguine
987 2846 1142 2912 laetus,

898 2930 928 2964 o

1643 401 1745 453 750

1641 733 1743 786 755

1638 1062 1742 1115 760

1639 1392 1737 1445 765

1637 1725 1738 1776 770

1636 2052 1734 2103 775

1635 2381 1735 2434 780

1632 2713 1733 2767 785
