1988 3034
719 153 764 190 P.
787 151 881 190 VIR
886 153 1022 189 GILII
1044 151 1284 191 MARONIS

206 270 390 336 Surgit,
413 272 462 320 et
485 270 671 320 aetherii
694 273 911 334 spectans
935 271 1137 319 orientia
1158 270 1282 320 Solis

208 337 428 397 Lumina,
451 338 544 386 rite
567 337 691 385 cavis
714 337 893 384 undam
916 337 974 385 de
996 337 1191 385 flumine
1212 336 1382 401 palmis

209 402 429 461 Sustulit,
455 420 508 451 ac
530 404 649 451 tales
673 403 874 450 effundit
898 403 958 451 ad
979 403 1160 451 aethera
1181 419 1346 451 voces:
1731 405 1796 452 ‘70

212 471 237 495 “
253 468 512 532 Nymphae,
538 469 802 516 Laurentes
825 469 878 515 N
877 469 1087 532 ymphae,'
1106 485 1256 533 genus
1281 469 1499 516 amnibus
1523 469 1648 518 unde
1671 472 1760 529 est,

210 533 393 596 Tuque,
417 552 445 582 ο
470 535 655 596 Thybri
676 537 764 581 tuo
787 535 978 597 genitor
1000 552 1111 582 cum
1131 535 1326 582 flumine
1350 538 1530 594 sancto,

208 600 426 662 Accipite
449 600 649 658 AEnean,
673 603 723 647 et
745 601 942 647 tandem
965 603 1121 648 arcete
1142 600 1343 662 periclis.

210 666 318 723 Quo
340 669 391 713 te
414 683 616 729 cumque
638 666 782 725 lacus,
806 666 1111 714 miserantem
1134 666 1436 713 incommoda
1459 669 1635 727 nostra,

211 730 369 779 Fonte
390 734 540 790 tenet,
565 749 861 795 quocumque
885 733 983 780 solo
1006 732 1351 795 pulcherrimus
1375 732 1472 780 exis
1493 753 1504 792 ;
1731 731 1795 781 ‘75

211 796 406 860 Semper
427 798 605 845 honore
627 814 748 855 meo,
773 814 957 861 semper
980 798 1271 846 celebrabere
1295 798 1446 856 donis,

212 862 444 926 Corniger
465 863 788 926 Hesperidum
810 863 983 910 fluvius
1004 866 1229 926 regnator
1251 880 1509 925 aquarum:

211 928 356 975 Adsis
379 945 407 976 o
430 931 638 988 tantum,
663 932 712 976 et
734 929 926 992 propius
949 933 1036 976 tua
1058 929 1257 976 numina
1277 930 1486 977 firmes.’'

211 993 290 1041 Sic
311 997 560 1054 memorat,
583 995 887 1058 geminasque
909 995 1029 1058 legit
1053 995 1111 1042 de
1133 995 1279 1043 classe
1301 995 1517 1054 biremes,

212 1058 527 1124 Remigioque
550 1064 687 1124 aptat
707 1081 718 1119 3
753 1061 902 1108 socios
926 1061 1069 1108 simul
1090 1062 1288 1108 instruit
1311 1061 1470 1108 armis.
1733 1063 1798 1109 80

278 1125 406 1174 Ecce
428 1130 590 1175 autem
613 1127 827 1174 subitum
850 1129 993 1190 atque
1015 1127 1161 1174 oculis
1184 1127 1399 1175 mirabile
1421 1127 1707 1186 monstrum,

212 1190 427 1239 Candida
448 1209 531 1255 per
553 1193 722 1240 silvam
743 1209 854 1241 cum
875 1193 980 1240 fetu
1002 1192 1220 1240 concolor
1243 1193 1350 1240 albo

212 1257 491 1317 Procubuit,
514 1259 746 1320 viridique
767 1259 819 1305 in
841 1259 981 1306 litore
1003 1260 1293 1322 conspicitur
1316 1275 1422 1307 sus:

211 1324 368 1382 Quam
390 1324 496 1387 pius
520 1324 695 1372 AEneas
716 1325 808 1372 tibi
831 1324 972 1383 enim,
994 1325 1100 1383 tibi,
1122 1325 1331 1372 maxima
1352 1324 1388 1371 J
1388 1341 1500 1384 uno,

212 1389 418 1448 Mactat,
443 1406 574 1438 sacra
595 1391 763 1449 ferens,
788 1393 837 1437 et
861 1407 971 1437 cum
992 1407 1136 1453 grege
1160 1390 1290 1438 sistit
1314 1390 1374 1437 ad
1397 1406 1541 1438 aram.
1733 1390 1797 1437 85

212 1455 421 1519 Thybris
445 1472 498 1504 ea
520 1456 734 1514 fluvium,
758 1472 900 1519 quam
922 1457 1067 1519 longa
1088 1458 1176 1513 est,
1198 1459 1340 1503 nocte
1361 1458 1631 1503 tumentem

212 1520 389 1580 Leniit,
413 1526 463 1569 et
485 1523 635 1569 tacita
656 1522 857 1570 refluens
879 1522 951 1570 ita
973 1522 1194 1570 substitit
1215 1523 1359 1580 unda,

213 1587 355 1635 Mitis
377 1591 434 1635 ut
457 1588 508 1634 in
531 1604 710 1635 morem
735 1588 896 1651 stagni
919 1588 1206 1651 placidaeque
1228 1588 1415 1651 paludis
1468 1642 1471 1645 ¹

213 1653 457 1701 Sterneret
479 1669 641 1715 aequor
663 1654 810 1715 aquis,
834 1670 964 1701 remo
987 1658 1044 1700 ut
1066 1654 1307 1701 luctamen
1331 1655 1532 1702 abesset.

212 1718 347 1782 Ergo
369 1719 462 1767 iter
483 1720 729 1782 inceptum
752 1719 986 1778 celerant3
1019 1736 1208 1767 rumore
1232 1719 1438 1767 secundo
1734 1719 1800 1765 90

212 1784 419 1834 Labitur
440 1788 588 1833 uncta
609 1786 742 1833 vadis
766 1786 920 1834 abies·
956 1785 1193 1832 mirantur
1215 1788 1265 1832 et
1287 1785 1444 1846 undae‚

213 1850 425 1900 Miratur
446 1868 614 1899 nemus
638 1852 882 1899 insuetum
903 1851 1139 1915 fulgentia
1159 1851 1303 1914 longe

213 1917 363 1965 Scuta
382 1917 540 1964 virum
562 1918 722 1976 fluvio,
750 1918 1029 1980 pictasque
1017 1934 1180 1964 1nnare
1206 1917 1402 1965 carinas.

214 1983 311 2030 Olli
332 1983 531 2047 remigio
554 1987 838 2046 noctemque
861 1984 1078 2046 diemque
1099 1983 1323 2046 fatigant,

212 2049 284 2096 Et
305 2049 473 2112 longos
498 2052 722 2112 superant
744 2050 907 2108 flexus,
930 2050 1164 2111 variisque
1187 2050 1422 2112 teguntur
1735 2045 1800 2093 95

212 2115 490 2173 Arboribus,
514 2115 779 2178 viridesque
802 2118 964 2163 secant
986 2115 1170 2177 placido
1194 2131 1380 2178 aequore
1403 2112 1546 2162 silvas

212 2181 296 2228 Sol
318 2181 528 2229 medium
551 2181 657 2228 coeli
680 2182 1015 2229 conscenderat
1037 2181 1205 2243 igneus
1228 2181 1405 2238 orbem,

213 2247 374 2304 Quum
395 2263 556 2293 muros
580 2263 828 2309 arcemque
850 2246 1015 2309 procul
1037 2263 1089 2293 ac
1111 2263 1218 2293 rara
1240 2247 1489 2293 domorum

213 2312 364 2360 Tecta
383 2313 563 2370 vident,
588 2328 694 2374 quae
716 2329 844 2359 nunc
868 2311 1087 2358 Romana
1108 2312 1325 2374 potentia
1347 2310 1466 2358 coelo

212 2378 472 2440 AEquavit3
505 2380 613 2424 tum
636 2395 710 2426 res
733 2378 896 2441 inopes
920 2377 1174 2424 Evandrus
1196 2377 1417 2424 habebat.
1702 2376 1801 2424 100

214 2444 359 2492 Ocius
382 2445 641 2491 advertunt
663 2460 839 2507 proras,
862 2443 1061 2505 urbique
1083 2443 1420 2506 propinquant.

280 2510 429 2557 Forte
452 2510 527 2557 die
550 2510 809 2557 solemnem
831 2508 914 2556 illo
937 2526 1019 2556 rex
1042 2509 1191 2556 Arcas
1213 2509 1444 2556 honorem

213 2576 663 2638 Amphitryoniadae
685 2592 861 2639 magno
885 2575 1098 2637 divisque
1121 2575 1302 2622 ferebat

214 2642 346 2689 Ante
367 2642 534 2688 urbem
557 2641 607 2687 in
630 2642 752 2689 luco.
822 2640 980 2688 Pallas
1002 2640 1114 2688 huic
1137 2640 1263 2687 filius
1285 2655 1395 2697 una,

214 2706 328 2754 Una
348 2723 512 2754 omnes
529 2707 763 2770 juvenum
785 2706 942 2769 primi,
964 2722 1232 2770 pauperque
1256 2707 1462 2763 senatus,
1703 2704 1798 2754 105

214 2772 381 2820 Thura
402 2773 580 2820 dabant
598 2793 608 2831 ;
641 2772 924 2836 tepidusque
947 2788 1085 2820 cruor
1106 2772 1321 2819 fumabat
1344 2770 1404 2819 ad
1426 2783 1549 2821 aras,

218 2837 291 2887 Ut
313 2837 459 2888 celsas
480 2838 640 2887 videre
661 2841 804 2901 rateS,
827 2841 972 2903 atque
993 2839 1120 2889 inter
1142 2852 1344 2903 opacum
